2414 3978
166 235 231 302 pop
416 184 637 301 uouoca'rx,
660 227 796 290 re-ao.

165 397 254 468 aidus
275 366 357 476 cajus
374 399 475 474 po'ema
491 392 661 454 mentionem
677 389 810 464 faciebat,
833 381 910 454 ciere
924 396 960 454 de
973 398 1054 459 coeio

166 497 389 576 conspiceretur.
442 494 596 566 Nonacri,
631 494 706 573 quod
740 495 914 573 comparatio
947 499 1055 580 arguit,

166 599 211 658 bic
238 597 308 658 meri
334 615 469 658 sonorum
495 595 572 656 modi
597 601 678 668 aunt,
706 594 876 658 dinumerati
901 599 932 658 ct
952 598 1055 660 ictibus

166 699 303 760 distincti.
751 781 754 786 1

115 795 119 804 “
250 804 386 863 46-50.
429 799 537 860 Moeris
557 817 657 862 versus
677 798 789 879 aliquos
810 819 849 861 ex
869 803 994 863 carmine
1008 824 1055 864 ca-

167 901 225 974 nit,
252 901 328 980 quod
353 901 502 961 Menalcae
528 919 679 980 personam
706 921 812 983 gerens
840 901 977 984 Virgilius
994 905 1054 984 jam

166 985 241 1062 anino
268 1001 374 1062 baux
400 1002 429 1062 in
451 1020 554 1064 novum
575 1001 645 1061 Juiii
667 1003 800 1064 Caesaris
820 1003 899 1062 sidus
920 1005 1055 1082 punxisse

90 1161 93 1170 ἡ
165 1103 293 1177 simulot3
322 1122 406 1182 quum
427 1103 496 1164 nibil
517 1103 579 1183 ipre
600 1122 618 1162 a
638 1103 797 1183 posteriorc
818 1102 951 1164 fortunae
971 1104 1054 1166 vicis·

165 1204 290 1264 situdine
311 1204 463 1264 timendum
484 1204 619 1278 baberet,
640 1211 671 1264 at
692 1205 804 1265 sincero
826 1199 934 1264 tantum
955 1204 985 1264 in
1007 1204 1055 1264 de·

165 1302 292 1364 functum
314 1325 410 1366 amore
430 1305 537 1367 moueri
556 1311 664 1384 posset.
696 1291 855 1380 ‘Daphne’
883 1301 997 1385 (pastor
1022 1303 1055 1364 fi-

165 1404 259 1484 ctus),
280 1405 347 1485 quid
360 1412 481 1468 ‘ueteres
502 1413 533 1465 tu
553 1407 653 1466 stelias
664 1406 803 1486 suspicist
833 1407 943 1468 Novum
965 1405 1053 1480 sidus,

166 1505 300 1580 Caesaris
326 1505 419 1566 anima
444 1507 558 1578 lucens,
592 1524 692 1586 cursus
720 1506 780 1566 illic
799 1505 873 1567 coeli
893 1507 1056 1588 ingressum

151 1587 225 1666 ‘erte
248 1605 283 1664 ad
304 1604 495 1666 maturitatem
516 1604 665 1686 frugibus,
687 1609 811 1668 colorem
833 1607 912 1679 uvis,
934 1607 1055 1666 salutem

163 1687 256 1785 pomis
282 1704 438 1767 ferendam.
459 1739 502 1753 -
524 1706 617 1773 Quum
645 1727 703 1766 non
725 1709 812 1768 multo
835 1713 900 1787 post
921 1707 1055 1768 Caesaris

165 1825 272 1879 necem,
295 1826 368 1886 quae
388 1807 484 1868 idibus
504 1805 592 1867 tiabat
612 1808 725 1868 Martiis
745 1809 812 1869 anui
833 1807 949 1880 DCCX,
970 1807 1063 1867 beres'

166 1907 228 1987 ejus
255 1893 430 1970 commonui
451 1909 535 1970 indos
562 1910 597 1968 ab
622 1909 671 1968 ilio
693 1909 834 1971 notesco
855 1909 975 1969 Veneris
997 1910 1056 1970 aa·

164 2009 282 2069 natricis
309 2011 441 2088 tempium
472 2009 694 2071 consecrandum
721 2011 837 2085 ederet3
869 2030 921 2090 per
945 2017 1053 2089 septem
1093 2030 1096 2036 ·

165 2108 226 2168 dies
259 2109 296 2168 ad
328 2110 442 2191 plegem
468 2109 672 2170 occidentalem
698 2111 917 2192 septemtriones
943 2130 1052 2182 versus,

164 2207 235 2268 hora
256 2197 504 2290 ante'uaaperam,
526 2211 609 2272 stella
629 2211 732 2272 crinita
752 2211 921 2293 apparebat,
943 2210 1055 2293 magni·

164 2306 262 2369 tudine
283 2307 340 2370 uon
361 2312 504 2386 mediocri,
527 2327 609 2392 quam
630 2313 750 2393 populus
768 2313 825 2376 diui
840 2312 975 2375 ‘Caesaris
992 2311 1054 2372 ani·

106 2402 110 2408 ⁸
164 2429 236 2471 mam
263 2431 328 2473 esre
356 2413 475 2492 putabat
500 2413 556 2474 Lb.
589 2415 623 2487 1,
646 2422 697 2476 32.
725 2421 798 2478 488·
862 2413 1053 2481 Quamobrem

163 2512 335 2573 Octavianus
349 2515 482 2575 Caesaris
495 2521 607 2575 statuae
623 2513 653 2574 in
673 2515 781 2578 uertice
801 2515 912 2576 atellam
932 2512 1053 2594 figebat,
1086 2523 1095 2538 '

84 2629 91 2642 ·
162 2619 193 2672 et
213 2612 243 2671 io
264 2631 363 2692 pugna
381 2615 500 2675 Actiaco
519 2617 603 2697 hujus
624 2617 724 2676 stellae
744 2616 899 2698 imaginem
920 2615 948 2675 in
966 2615 1063 2696 galea·

161 2711 283 2773 babebat
303 2713 376 2780 Aen.
398 2715 472 2789 vul,
495 2723 568 2788 681,
589 2716 661 2777 artis
682 2736 795 2797 qunque
815 2717 844 2776 in
866 2716 1000 2796 operibns
1022 2721 1054 2774 et

162 2821 290 2877 cometae
312 2815 394 2896 bajus
415 2817 527 2896 paterni
547 2822 579 2878 et
598 2815 709 2890 sideris,
731 2819 807 2896 quod
822 2817 980 2890 simulabat,
1002 2834 1053 2875 aa·

161 2914 246 2976 talitii
267 2917 326 2991 sui,
349 2917 531 2997 Capricorni,
552 2917 661 2998 insigni
681 2919 884 2980 honorabatur.
925 2917 1050 2988 Dione,

161 3012 222 3076 iiiia
246 3019 355 3078 tteaaui
376 3027 407 3079 et
428 3020 575 3098 Tethyos,
602 3017 734 3080 sabulum·
747 3021 901 3080 seeundum
921 3016 1053 3078 Homeri·

161 3135 223 3176 cam
250 3124 340 3178 mater
366 3099 430 3180 erat
452 3121 587 3193 Veneris,
615 3121 696 3201 eujus
717 3141 736 3203 a
756 3127 835 3193 nato,
862 3121 978 3192 Aenea,
1000 3137 1053 3198 per·

160 3217 248 3278 iuinm
271 3237 346 3300 gena
356 3219 434 3280 Julia
451 3219 528 3280 flium
544 3220 666 3303 originis
682 3241 752 3282 suae
770 3221 928 3281 deducebat
944 3220 979 3292 V,
997 3224 1051 3280 4⁴.

158 3317 341 3380 Posteriores
361 3319 474 3381 Dionae
493 3341 598 3381 nomen
625 3321 731 3382 Veneri
761 3339 971 3400 nonnumquam
996 3317 1053 3399 ipri

159 3417 307 3490 dederunt,
328 3439 357 3483 u.
378 3437 404 3480 c.
424 3419 498 3479 Rion
517 3422 540 3493 Ι,
562 3428 618 3492 ⁹³3
640 3429 671 3482 et
688 3423 819 3497 Ovidius,
840 3419 953 3482 subulas
966 3421 1052 3500 piane
