2446 3972
169 240 215 302 92
418 226 574 287 euboea
596 227 656 300 Vll,
679 231 835 289 57-ao.·

238 395 350 448 Pulcher
366 393 412 446 nbi
428 395 494 447 Mile
511 393 643 460 graditur3
661 392 808 446 elmataeis
826 390 916 457 abivit,
1016 425 1020 429 ,
1135 459 1139 468 1

323 479 445 544 Laognet
463 478 506 548 qui
524 479 608 547 paseit
624 495 683 531 eum
700 477 805 530 sitiente
822 493 912 546 grege.

179 603 299 666 Verium
325 605 434 672 aeria,
477 600 671 679 perniciosus,
707 600 844 679 pestilens
880 605 978 659 aestus
1012 602 1064 658 sub

172 705 257 785 signe
279 703 426 762 caniculae
448 701 476 760 in
499 701 636 780 principio
658 703 810 774 auctumni,
833 703 908 781 qnod
925 708 1066 781 eratpost

172 827 201 866 e.
230 807 257 864 d.
285 807 324 862 ΙΙΙ
353 803 392 862 id.
421 803 524 862 Sextil.
552 803 606 862 Lb.
629 804 683 874 ΙΙΙ,
711 811 784 865 478.
827 805 934 864 Liber
955 824 1066 884 eogno-

172 928 235 969 men
258 916 326 966 tunc
348 912 412 965 erat
433 906 589 964 Romanum
613 906 717 966 Graeci
739 902 896 974 Διονύσου
918 906 978 966 sive
992 907 1064 964 Bae·

173 1011 234 1085 elri,
268 1029 305 1068 ex
333 1027 388 1086 que
418 1007 530 1066 nomine
551 1009 731 1067 liberatorem
753 1009 899 1086 quemdam
921 1008 982 1068 sive
1004 1007 1069 1067 vin·¹

173 1113 262 1172 dieem
290 1119 384 1170 mente
409 1107 566 1190 fingebant.
611 1110 711 1168 Verum
734 1111 890 1189 antiquitus
912 1110 987 1169 inter
1009 1111 1065 1168 lte-

172 1215 216 1275 les
238 1214 347 1295 priseos
369 1213 439 1270 (leus
462 1219 524 1270 erut
542 1212 647 1272 Liber
665 1212 785 1270 sationis
807 1222 837 1272 et
858 1213 1064 1293 generationis,

173 1317 265 1376 dietus
292 1334 310 1373 a
332 1315 441 1374 libare
460 1307 593 1385 uetusto,
627 1312 734 1389 λείβειν
756 1312 846 1395 (apud
868 1315 991 1374 Sabinos
1014 1335 1064 1372 no·

174 1417 333 1478 minabatur
359 1415 576 1490 Loebaairra),
604 1413 738 1487 fundere,
767 1417 879 1498 rigare,
907 1436 980 1495 quae
1002 1423 1066 1475 erat

175 1520 260 1599 origo
294 1517 443 1577 verberum
476 1509 587 1592 λειμών
615 1524 644 1574 et
670 1511 829 1594 λιβάδων,
863 1527 971 1598 pratum
1001 1518 1066 1578 irri-

173 1640 279 1704 guum,
306 1611 437 1695 Λιβύη,
458 1611 552 1694 Atp,
581 1618 668 1699 plaga
689 1620 799 1698 pluuia,
828 1621 931 1692 liber,
960 1619 1065 1693 inians,

174 1723 218 1782 sni
241 1721 333 1802 juris,
363 1739 415 1778 neo
442 1740 498 1780 non
520 1721 669 1781 verborum
692 1723 818 1795 lichen,
843 1723 942 1796 laben,
971 1723 1065 1783 leben.

175 1825 263 1884 Simul
285 1844 347 1884 eum
369 1822 498 1882 Libera
520 1831 549 1882 et
573 1823 694 1888 Cerere
716 1825 877 1892 colebatur:
901 1844 983 1903 quam
1004 1825 1066 1886 La·-

174 1928 301 1998 beram,
336 1935 403 2005 post
424 1925 552 1986 Graecas
572 1925 729 2007 religiones
751 1927 862 1998 illatas,
891 1928 974 1986 modo
995 1936 1066 1986 tara·

176 2051 258 2110 quam
292 2037 408 2086 matrem
445 2028 507 2107 ejus
541 2026 569 2085 in
607 2029 738 2087 Semelen
771 2029 832 2090 siue
863 2030 1066 2109 Proserpinam

175 2130 388 2210 mysteriorum,
418 2128 500 2187 modo
528 2135 666 2206 tamquam
688 2150 806 2189 uxorem
829 2132 892 2211 ejus
914 2131 943 2190 in
966 2132 1069 2191 Ariad-

175 2253 231 2293 nen
249 2230 497 2291 transformabant.
540 2231 629 2289 Aestn
642 2233 702 2312 jam
714 2242 891 2292 marcescant
901 2237 1066 2309 pampini,

176 2356 293 2416 querum
315 2334 452 2394 umbrae
474 2353 542 2394 uvas
564 2334 599 2392 etl
622 2334 734 2412 apricos
756 2338 860 2395 eolles
877 2344 1069 2396 maturescen-

176 2445 222 2498 tes
241 2437 395 2497 defendere
407 2436 558 2494 debebant.
604 2436 711 2496 Diebus
723 2437 796 2495 enim
808 2438 1016 2516 canicularibus
1028 2439 1069 2499 vi·

176 2545 230 2609 tes,
244 2540 433 2596 maturitatem
447 2539 481 2596 ad
495 2537 716 2609 accelerandam,
738 2537 837 2597 nudari
850 2540 981 2598 solebant
994 2559 1012 2599 a
1024 2538 1069 2597 lo·

175 2639 222 2699 liis
249 2639 448 2716 opaeautibus,
482 2638 642 2716 palmitibus
668 2649 761 2699 autem
785 2660 857 2701 uvae
878 2641 949 2700 loeis
971 2641 1000 2699 in
1023 2661 1070 2702 ea·

176 2739 321 2800 lidissimls
343 2741 532 2821 tegebantur,
571 2753 619 2812 et,
652 2742 677 2801 si
701 2763 795 2822 parum
818 2742 984 2822 pampinosa
1005 2742 1070 2804 vitis

176 2851 257 2918 erat,
279 2843 439 2916 sarmentis,
461 2850 618 2901 stramento
640 2852 670 2903 et
692 2845 836 2925 tegetibus
849 2842 889 2925 Ι).
933 2843 1067 2914 Nemus,

176 2948 291 3027 proprie
312 2947 473 3005 arberetum
496 2965 644 3024 pascuum,
683 2953 739 3005 tum
754 2941 842 3006 ¹loeus
864 2965 977 3024 quoqne
999 2966 1068 3004 eoo·

176 3048 258 3107 situs.
300 3048 437 3124 Jupiter
464 3069 515 3128 pro
544 3055 625 3118 altre,
658 3048 706 3126 qui
736 3049 857 3127 pluriam
887 3045 997 3120 fundit,
1032 3067 1070 3106 ex

176 3160 346 3212 eommutata
378 3152 470 3210 serius
498 3150 533 3208 de
560 3148 664 3208 sabulis
686 3149 819 3228 opinione
841 3147 895 3206 Lu.
917 3150 961 3220 ll,
996 3153 1068 3210 325.

175 3255 254 3316 llaee
282 3255 378 3335 imago
405 3251 493 3310 multo
515 3269 597 3328 quarn
621 3271 672 3330 pro
694 3250 827 3311 carminis
849 3249 950 3309 mstiei
972 3251 1070 3311 celere

178 3403 379 3416 ιιι-...Μ

245 3471 273 3534 “)
308 3469 367 3522 Col.
386 3466 425 3532 V,
443 3465 475 3532 ὁ,
493 3466 535 3521 1⁴.
