<?xml version="1.0" encoding="UTF-8"?>
<!DOCTYPE html PUBLIC "-//W3C//DTD XHTML 1.0 Transitional//EN"
    "http://www.w3.org/TR/xhtml1/DTD/xhtml1-transitional.dtd">
<html xmlns="http://www.w3.org/1999/xhtml" xml:lang="en" lang="en">
 <head>
  <title>
</title>
<meta http-equiv="Content-Type" content="text/html;charset=utf-8" />
  <meta name='ocr-system' content='tesseract 3.04.00' />
  <meta name='ocr-capabilities' content='ocr_page ocr_carea ocr_par ocr_line ocrx_word'/>
</head>
<body>
  <div class='ocr_page' id='page_1' title='image "./johannishenrici00reingoog/johannishenrici00reingoog_0116.png"; bbox 0 0 2392 3986; ppageno 0'>
   <div class='ocr_carea' id='block_1_1' title="bbox 188 221 823 301">
    <p class='ocr_par' dir='ltr' id='par_1_1' title="bbox 188 221 823 301">
     <span class='ocr_line' id='line_1_1' title="bbox 188 221 823 301; baseline -0.019 -10"><span class='ocrx_word' id='word_1_1' title='bbox 188 237 251 301; x_wconf 74' lang='lat' dir='ltr'><strong>m</strong></span> <span class='ocrx_word' id='word_1_2' title='bbox 430 222 585 282; x_wconf 78' lang='lat' dir='ltr'><strong>ECLOGA</strong></span> <span class='ocrx_word' id='word_1_3' title='bbox 607 221 654 280; x_wconf 92' lang='lat' dir='ltr'>III.</span> <span class='ocrx_word' id='word_1_4' title='bbox 677 224 823 286; x_wconf 69' lang='lat' dir='ltr'><strong>74—7a</strong></span> 
     </span>
    </p>
   </div>
   <div class='ocr_carea' id='block_1_2' title="bbox 187 387 1084 572">
    <p class='ocr_par' dir='ltr' id='par_1_2' title="bbox 187 387 1084 572">
     <span class='ocr_line' id='line_1_2' title="bbox 187 387 1084 466; baseline -0.002 -14"><span class='ocrx_word' id='word_1_5' title='bbox 187 395 216 452; x_wconf 89' lang='lat' dir='ltr'><strong>in</strong></span> <span class='ocrx_word' id='word_1_6' title='bbox 246 392 361 452; x_wconf 83' lang='lat' dir='ltr'><strong>Homeri</strong></span> <span class='ocrx_word' id='word_1_7' title='bbox 383 392 415 450; x_wconf 87' lang='grc' dir='ltr'><strong>ΙΙ.</strong></span> <span class='ocrx_word' id='word_1_8' title='bbox 438 391 550 462; x_wconf 88' lang='lat' dir='ltr'>XXIII,</span> <span class='ocrx_word' id='word_1_9' title='bbox 580 396 640 452; x_wconf 86' lang='grc'><strong>198</strong></span> <span class='ocrx_word' id='word_1_10' title='bbox 668 390 704 448; x_wconf 85' lang='lat' dir='ltr'><strong>ab</strong></span> <span class='ocrx_word' id='word_1_11' title='bbox 735 387 805 466; x_wconf 81' lang='lat' dir='ltr'><strong>ipsis</strong></span> <span class='ocrx_word' id='word_1_12' title='bbox 836 387 929 448; x_wconf 84' lang='lat' dir='ltr'><strong>ventis</strong></span> <span class='ocrx_word' id='word_1_13' title='bbox 956 387 1084 452; x_wconf 79' lang='lat' dir='ltr'><strong>Achilles</strong></span> 
     </span>
     <span class='ocr_line' id='line_1_3' title="bbox 187 491 673 572; baseline -0.008 -20"><span class='ocrx_word' id='word_1_14' title='bbox 187 501 321 572; x_wconf 74' lang='lat' dir='ltr'><strong>precatur</strong></span> <span class='ocrx_word' id='word_1_15' title='bbox 343 493 433 572; x_wconf 85' lang='lat' dir='ltr'><strong>iisque</strong></span> <span class='ocrx_word' id='word_1_16' title='bbox 453 499 521 552; x_wconf 83' lang='lat' dir='ltr'><strong>vota</strong></span> <span class='ocrx_word' id='word_1_17' title='bbox 541 491 673 568; x_wconf 81' lang='lat' dir='ltr'><strong>suscipit:</strong></span> 
     </span>
    </p>
   </div>
   <div class='ocr_carea' id='block_1_3' title="bbox 254 601 889 757">
    <p class='ocr_par' dir='ltr' id='par_1_3' title="bbox 254 601 889 757">
     <span class='ocr_line' id='line_1_4' title="bbox 254 601 889 672; baseline -0.006 -12"><span class='ocrx_word' id='word_1_18' title='bbox 254 609 302 662; x_wconf 87' lang='lat' dir='ltr'><strong>Iris</strong></span> <span class='ocrx_word' id='word_1_19' title='bbox 320 610 366 664; x_wconf 86' lang='lat' dir='ltr'><strong>sed</strong></span> <span class='ocrx_word' id='word_1_20' title='bbox 384 607 493 672; x_wconf 82' lang='lat' dir='ltr'><strong>calaris,</strong></span> <span class='ocrx_word' id='word_1_21' title='bbox 511 605 627 662; x_wconf 85' lang='lat' dir='ltr'><strong>referens</strong></span> <span class='ocrx_word' id='word_1_22' title='bbox 645 606 744 658; x_wconf 85' lang='lat' dir='ltr'><strong>Ventos</strong></span> <span class='ocrx_word' id='word_1_23' title='bbox 761 611 791 658; x_wconf 81' lang='lat' dir='ltr'><strong>ut</strong></span> <span class='ocrx_word' id='word_1_24' title='bbox 807 601 889 656; x_wconf 74' lang='lat' dir='ltr'><strong>adiret</strong></span> 
     </span>
     <span class='ocr_line' id='line_1_5' title="bbox 255 692 428 757; baseline -0.023 -13"><span class='ocrx_word' id='word_1_25' title='bbox 255 693 338 757; x_wconf 88' lang='lat' dir='ltr'><strong>Vota,</strong></span> <span class='ocrx_word' id='word_1_26' title='bbox 357 692 428 744; x_wconf 86' lang='lat' dir='ltr'><strong>abiit.</strong></span> 
     </span>
    </p>
   </div>
   <div class='ocr_carea' id='block_1_4' title="bbox 146 791 1084 1380">
    <p class='ocr_par' dir='ltr' id='par_1_4' title="bbox 146 791 1084 1380">
     <span class='ocr_line' id='line_1_6' title="bbox 146 791 1084 875; baseline -0.001 -22"><span class='ocrx_word' id='word_1_27' title='bbox 146 859 148 863; x_wconf 57' lang='grc'>,</span> <span class='ocrx_word' id='word_1_28' title='bbox 189 798 334 856; x_wconf 78' lang='lat' dir='ltr'><strong>I&#39;etustum</strong></span> <span class='ocrx_word' id='word_1_29' title='bbox 362 800 530 875; x_wconf 75' lang='lat' dir='ltr'><strong>quotiens,</strong></span> <span class='ocrx_word' id='word_1_30' title='bbox 562 794 642 874; x_wconf 88' lang='lat' dir='ltr'><strong>cujus</strong></span> <span class='ocrx_word' id='word_1_31' title='bbox 669 800 699 852; x_wconf 91' lang='lat' dir='ltr'><strong>et</strong></span> <span class='ocrx_word' id='word_1_32' title='bbox 720 791 783 850; x_wconf 84' lang='lat' dir='ltr'>libri</span> <span class='ocrx_word' id='word_1_33' title='bbox 811 792 907 870; x_wconf 86' lang='lat' dir='ltr'><strong>scripti</strong></span> <span class='ocrx_word' id='word_1_34' title='bbox 930 798 960 850; x_wconf 87' lang='lat' dir='ltr'><strong>et</strong></span> <span class='ocrx_word' id='word_1_35' title='bbox 982 794 1084 852; x_wconf 84' lang='lat' dir='ltr'><strong>Gram-</strong></span> 
     </span>
     <span class='ocr_line' id='line_1_7' title="bbox 161 880 1084 967; baseline -0.005 -9"><span class='ocrx_word' id='word_1_36' title='bbox 161 888 167 897; x_wconf 52' lang='grc'><strong>”</strong></span> <span class='ocrx_word' id='word_1_37' title='bbox 189 897 283 958; x_wconf 87' lang='lat' dir='ltr'><strong>matici</strong></span> <span class='ocrx_word' id='word_1_38' title='bbox 310 905 441 958; x_wconf 76' lang='lat' dir='ltr'>auctores</span> <span class='ocrx_word' id='word_1_39' title='bbox 463 901 544 967; x_wconf 88' lang='lat' dir='ltr'><strong>suut,</strong></span> <span class='ocrx_word' id='word_1_40' title='bbox 577 880 731 954; x_wconf 87' lang='lat' dir='ltr'><strong>Ascensius</strong></span> <span class='ocrx_word' id='word_1_41' title='bbox 759 900 789 951; x_wconf 90' lang='lat' dir='ltr'><strong>et</strong></span> <span class='ocrx_word' id='word_1_42' title='bbox 809 893 970 952; x_wconf 85' lang='lat' dir='ltr'><strong>Brunckius</strong></span> <span class='ocrx_word' id='word_1_43' title='bbox 998 895 1084 953; x_wconf 84' lang='lat' dir='ltr'><strong>dedo·</strong></span> 
     </span>
     <span class='ocr_line' id='line_1_8' title="bbox 189 1005 1027 1056; baseline 0 0"><span class='ocrx_word' id='word_1_44' title='bbox 189 1005 264 1056; x_wconf 90' lang='lat' dir='ltr'><strong>runt.</strong></span> <span class='ocrx_word' id='word_1_45' title='bbox 1025 1033 1027 1038; x_wconf 94' lang='lat'>·</span> 
     </span>
     <span class='ocr_line' id='line_1_9' title="bbox 273 1094 1082 1184; baseline -0.007 -24"><span class='ocrx_word' id='word_1_46' title='bbox 273 1102 419 1160; x_wconf 78' lang='lat'>74-75.</span> <span class='ocrx_word' id='word_1_47' title='bbox 463 1099 560 1184; x_wconf 82' lang='lat' dir='ltr'><strong>Aeque</strong></span> <span class='ocrx_word' id='word_1_48' title='bbox 587 1097 679 1176; x_wconf 88' lang='lat' dir='ltr'><strong>lepide</strong></span> <span class='ocrx_word' id='word_1_49' title='bbox 708 1096 805 1155; x_wconf 83' lang='lat' dir='ltr'><strong>eadem</strong></span> <span class='ocrx_word' id='word_1_50' title='bbox 832 1094 976 1156; x_wconf 80' lang='lat' dir='ltr'><strong>Menalcas</strong></span> <span class='ocrx_word' id='word_1_51' title='bbox 999 1097 1082 1156; x_wconf 85' lang='lat' dir='ltr'><strong>dicit:</strong></span> 
     </span>
     <span class='ocr_line' id='line_1_10' title="bbox 189 1197 1083 1278; baseline -0.003 -19"><span class='ocrx_word' id='word_1_52' title='bbox 189 1202 318 1261; x_wconf 79' lang='lat' dir='ltr'><strong>Amatam</strong></span> <span class='ocrx_word' id='word_1_53' title='bbox 341 1221 471 1278; x_wconf 90' lang='lat' dir='ltr'><strong>puerum,</strong></span> <span class='ocrx_word' id='word_1_54' title='bbox 505 1199 552 1276; x_wconf 89' lang='lat' dir='ltr'><strong>qui</strong></span> <span class='ocrx_word' id='word_1_55' title='bbox 574 1199 667 1256; x_wconf 91' lang='lat' dir='ltr'><strong>animo</strong></span> <span class='ocrx_word' id='word_1_56' title='bbox 690 1197 779 1275; x_wconf 85' lang='lat' dir='ltr'><strong>ipsum</strong></span> <span class='ocrx_word' id='word_1_57' title='bbox 808 1197 906 1258; x_wconf 90' lang='lat' dir='ltr'><strong>fovere</strong></span> <span class='ocrx_word' id='word_1_58' title='bbox 928 1198 1083 1278; x_wconf 83' lang='lat' dir='ltr'><strong>praedicet,</strong></span> 
     </span>
     <span class='ocr_line' id='line_1_11' title="bbox 170 1294 1084 1380; baseline -0.002 -20"><span class='ocrx_word' id='word_1_59' title='bbox 170 1294 247 1360; x_wconf 55' lang='lat' dir='ltr'><strong>&#39;tam</strong></span> <span class='ocrx_word' id='word_1_60' title='bbox 268 1320 367 1380; x_wconf 91' lang='lat' dir='ltr'><strong>parum</strong></span> <span class='ocrx_word' id='word_1_61' title='bbox 394 1300 569 1379; x_wconf 83' lang='lat' dir='ltr'><strong>intelligere,</strong></span> <span class='ocrx_word' id='word_1_62' title='bbox 601 1299 666 1376; x_wconf 88' lang='lat' dir='ltr'><strong>qnid</strong></span> <span class='ocrx_word' id='word_1_63' title='bbox 688 1298 863 1358; x_wconf 87' lang='lat' dir='ltr'><strong>clandestina</strong></span> <span class='ocrx_word' id='word_1_64' title='bbox 890 1299 961 1359; x_wconf 87' lang='lat' dir='ltr'><strong>silva</strong></span> <span class='ocrx_word' id='word_1_65' title='bbox 988 1299 1084 1358; x_wconf 87' lang='lat' dir='ltr'><strong>borte-</strong></span> 
     </span>
    </p>
   </div>
   <div class='ocr_carea' id='block_1_5' title="bbox 190 1400 1196 1473">
    <p class='ocr_par' dir='ltr' id='par_1_5' title="bbox 190 1400 1196 1473">
     <span class='ocr_line' id='line_1_12' title="bbox 190 1400 1196 1473; baseline -0.002 -13"><span class='ocrx_word' id='word_1_66' title='bbox 190 1409 251 1473; x_wconf 90' lang='lat' dir='ltr'><strong>tur,</strong></span> <span class='ocrx_word' id='word_1_67' title='bbox 287 1408 319 1459; x_wconf 91' lang='lat' dir='ltr'><strong>ut</strong></span> <span class='ocrx_word' id='word_1_68' title='bbox 346 1400 421 1460; x_wconf 87' lang='lat' dir='ltr'><strong>serio</strong></span> <span class='ocrx_word' id='word_1_69' title='bbox 448 1419 569 1470; x_wconf 90' lang='lat' dir='ltr'><strong>venans,</strong></span> <span class='ocrx_word' id='word_1_70' title='bbox 604 1401 745 1458; x_wconf 86' lang='lat' dir='ltr'><strong>desertum</strong></span> <span class='ocrx_word' id='word_1_71' title='bbox 776 1406 928 1458; x_wconf 82' lang='lat' dir='ltr'><strong>amatorem</strong></span> <span class='ocrx_word' id='word_1_72' title='bbox 957 1400 993 1458; x_wconf 88' lang='lat' dir='ltr'><strong>ad</strong></span> <span class='ocrx_word' id='word_1_73' title='bbox 1021 1407 1085 1458; x_wconf 87' lang='lat' dir='ltr'><strong>rote</strong></span> <span class='ocrx_word' id='word_1_74' title='bbox 1195 1411 1196 1414; x_wconf 76' lang='grc'>’</span> 
     </span>
    </p>
   </div>
   <div class='ocr_carea' id='block_1_6' title="bbox 191 1499 1085 1582">
    <p class='ocr_par' dir='ltr' id='par_1_6' title="bbox 191 1499 1085 1582">
     <span class='ocr_line' id='line_1_13' title="bbox 191 1499 1085 1582; baseline 0 -22"><span class='ocrx_word' id='word_1_75' title='bbox 191 1503 314 1582; x_wconf 83' lang='lat' dir='ltr'><strong>deleget.</strong></span> <span class='ocrx_word' id='word_1_76' title='bbox 356 1501 400 1559; x_wconf 90' lang='lat' dir='ltr'><strong>Ita</strong></span> <span class='ocrx_word' id='word_1_77' title='bbox 421 1499 583 1571; x_wconf 84' lang='lat' dir='ltr'><strong>Ascensius,</strong></span> <span class='ocrx_word' id='word_1_78' title='bbox 608 1501 822 1572; x_wconf 82' lang='lat' dir='ltr'><strong>Taubmannus,</strong></span> <span class='ocrx_word' id='word_1_79' title='bbox 846 1501 947 1560; x_wconf 84' lang='lat' dir='ltr'><strong>Cerdo.</strong></span> <span class='ocrx_word' id='word_1_80' title='bbox 991 1501 1085 1562; x_wconf 85' lang='lat' dir='ltr'><strong>Aliter</strong></span> 
     </span>
    </p>
   </div>
   <div class='ocr_carea' id='block_1_7' title="bbox 191 1599 1085 1777">
    <p class='ocr_par' dir='ltr' id='par_1_7' title="bbox 191 1599 1085 1777">
     <span class='ocr_line' id='line_1_14' title="bbox 191 1599 1085 1681; baseline 0.001 -20"><span class='ocrx_word' id='word_1_81' title='bbox 191 1603 332 1662; x_wconf 81' lang='lat' dir='ltr'><strong>sentiebat</strong></span> <span class='ocrx_word' id='word_1_82' title='bbox 352 1599 449 1661; x_wconf 85' lang='lat' dir='ltr'><strong>fervor</strong></span> <span class='ocrx_word' id='word_1_83' title='bbox 470 1601 625 1680; x_wconf 90' lang='lat' dir='ltr'><strong>Sulpiciae,</strong></span> <span class='ocrx_word' id='word_1_84' title='bbox 660 1618 744 1681; x_wconf 88' lang='lat' dir='ltr'><strong>quum</strong></span> <span class='ocrx_word' id='word_1_85' title='bbox 766 1601 928 1662; x_wconf 81' lang='lat' dir='ltr'><strong>Corinthum</strong></span> <span class='ocrx_word' id='word_1_86' title='bbox 950 1623 1085 1681; x_wconf 84' lang='lat' dir='ltr'><strong>sequore-</strong></span> 
     </span>
     <span class='ocr_line' id='line_1_15' title="bbox 191 1703 543 1777; baseline 0 -17"><span class='ocrx_word' id='word_1_87' title='bbox 191 1709 250 1775; x_wconf 91' lang='lat' dir='ltr'><strong>tur,</strong></span> <span class='ocrx_word' id='word_1_88' title='bbox 274 1703 342 1762; x_wconf 85' lang='lat' dir='ltr'><strong>Tib.</strong></span> <span class='ocrx_word' id='word_1_89' title='bbox 365 1703 412 1774; x_wconf 84' lang='lat' dir='ltr'><strong>lv,</strong></span> <span class='ocrx_word' id='word_1_90' title='bbox 436 1713 465 1777; x_wconf 81' lang='lat'><strong>3,</strong></span> <span class='ocrx_word' id='word_1_91' title='bbox 490 1709 543 1764; x_wconf 82' lang='lat'><strong>15:</strong></span> 
     </span>
    </p>
   </div>
   <div class='ocr_carea' id='block_1_8' title="bbox 226 1833 1034 2155">
    <p class='ocr_par' dir='ltr' id='par_1_8' title="bbox 226 1833 1034 2155">
     <span class='ocr_line' id='line_1_16' title="bbox 226 1833 1034 1903; baseline -0.001 -16"><span class='ocrx_word' id='word_1_92' title='bbox 226 1835 303 1888; x_wconf 86' lang='lat' dir='ltr'><strong>Tunc</strong></span> <span class='ocrx_word' id='word_1_93' title='bbox 320 1834 395 1900; x_wconf 87' lang='lat' dir='ltr'><strong>mibi,</strong></span> <span class='ocrx_word' id='word_1_94' title='bbox 414 1841 475 1888; x_wconf 89' lang='lat' dir='ltr'><strong>tunc</strong></span> <span class='ocrx_word' id='word_1_95' title='bbox 493 1837 613 1903; x_wconf 85' lang='lat' dir='ltr'><strong>placeant</strong></span> <span class='ocrx_word' id='word_1_96' title='bbox 629 1836 724 1898; x_wconf 83' lang='lat' dir='ltr'><strong>silvae,</strong></span> <span class='ocrx_word' id='word_1_97' title='bbox 743 1833 779 1900; x_wconf 82' lang='lat' dir='ltr'><strong>si,</strong></span> <span class='ocrx_word' id='word_1_98' title='bbox 797 1835 845 1886; x_wconf 84' lang='lat' dir='ltr'><strong>lux</strong></span> <span class='ocrx_word' id='word_1_99' title='bbox 861 1849 929 1899; x_wconf 87' lang='lat' dir='ltr'><strong>mea,</strong></span> <span class='ocrx_word' id='word_1_100' title='bbox 947 1841 1034 1888; x_wconf 78' lang='lat' dir='ltr'><strong>tecum</strong></span> 
     </span>
     <span class='ocr_line' id='line_1_17' title="bbox 291 1909 953 1994; baseline -0.003 -23"><span class='ocrx_word' id='word_1_101' title='bbox 291 1920 394 1985; x_wconf 78' lang='lat' dir='ltr'><strong>Arguat</strong></span> <span class='ocrx_word' id='word_1_102' title='bbox 411 1924 471 1972; x_wconf 88' lang='lat' dir='ltr'><strong>aute</strong></span> <span class='ocrx_word' id='word_1_103' title='bbox 488 1917 557 1987; x_wconf 82' lang='lat' dir='ltr'><strong>ipsas</strong></span> <span class='ocrx_word' id='word_1_104' title='bbox 575 1909 745 1971; x_wconf 80' lang='lat' dir='ltr'><strong>concubuisse</strong></span> <span class='ocrx_word' id='word_1_105' title='bbox 762 1919 862 1984; x_wconf 81' lang='lat' dir='ltr'><strong>plagas.</strong></span> <span class='ocrx_word' id='word_1_106' title='bbox 880 1981 890 1994; x_wconf 38' lang='grc' dir='ltr'><strong><em>Ι</em></strong></span> <span class='ocrx_word' id='word_1_107' title='bbox 952 1927 953 1932; x_wconf 78' lang='grc'>’</span> 
     </span>
     <span class='ocr_line' id='line_1_18' title="bbox 227 1999 881 2066; baseline -0.005 -11"><span class='ocrx_word' id='word_1_108' title='bbox 227 2003 303 2055; x_wconf 81' lang='lat' dir='ltr'><strong>&#39;I&#39;unc</strong></span> <span class='ocrx_word' id='word_1_109' title='bbox 319 2002 406 2054; x_wconf 86' lang='lat' dir='ltr'><strong>veniat</strong></span> <span class='ocrx_word' id='word_1_110' title='bbox 422 2003 482 2054; x_wconf 85' lang='lat' dir='ltr'><strong>licet</strong></span> <span class='ocrx_word' id='word_1_111' title='bbox 500 2004 531 2054; x_wconf 86' lang='lat' dir='ltr'><strong>ad</strong></span> <span class='ocrx_word' id='word_1_112' title='bbox 550 2019 650 2066; x_wconf 81' lang='lat' dir='ltr'><strong>casses,</strong></span> <span class='ocrx_word' id='word_1_113' title='bbox 668 2003 773 2054; x_wconf 84' lang='lat' dir='ltr'><strong>illaesus</strong></span> <span class='ocrx_word' id='word_1_114' title='bbox 792 1999 881 2059; x_wconf 82' lang='lat' dir='ltr'><strong>abibit,</strong></span> 
     </span>
     <span class='ocr_line' id='line_1_19' title="bbox 291 2077 905 2155; baseline -0.008 -16"><span class='ocrx_word' id='word_1_115' title='bbox 291 2077 333 2139; x_wconf 83' lang='lat' dir='ltr'><strong>Na</strong></span> <span class='ocrx_word' id='word_1_116' title='bbox 351 2086 460 2140; x_wconf 85' lang='lat' dir='ltr'><strong>Veneris</strong></span> <span class='ocrx_word' id='word_1_117' title='bbox 478 2086 585 2155; x_wconf 88' lang='lat' dir='ltr'><strong>cupidae</strong></span> <span class='ocrx_word' id='word_1_118' title='bbox 602 2085 696 2150; x_wconf 81' lang='lat' dir='ltr'><strong>gaudia</strong></span> <span class='ocrx_word' id='word_1_119' title='bbox 713 2085 814 2147; x_wconf 89' lang='lat' dir='ltr'><strong>turbet,</strong></span> <span class='ocrx_word' id='word_1_120' title='bbox 834 2097 905 2150; x_wconf 89' lang='lat' dir='ltr'><strong>aper.</strong></span> 
     </span>
    </p>
   </div>
   <div class='ocr_carea' id='block_1_9' title="bbox 177 2201 1098 2687">
    <p class='ocr_par' dir='ltr' id='par_1_9' title="bbox 177 2201 1086 2570">
     <span class='ocr_line' id='line_1_20' title="bbox 192 2201 1086 2283; baseline 0.002 -18"><span class='ocrx_word' id='word_1_121' title='bbox 192 2209 248 2280; x_wconf 75' lang='lat' dir='ltr'><strong>Si,</strong></span> <span class='ocrx_word' id='word_1_122' title='bbox 281 2215 319 2268; x_wconf 73' lang='lat' dir='ltr'><strong>tu</strong></span> <span class='ocrx_word' id='word_1_123' title='bbox 347 2210 423 2267; x_wconf 75' lang='lat' dir='ltr'><strong>dam</strong></span> <span class='ocrx_word' id='word_1_124' title='bbox 445 2207 529 2266; x_wconf 87' lang='lat' dir='ltr'><strong>babet</strong></span> <span class='ocrx_word' id='word_1_125' title='bbox 557 2224 667 2283; x_wconf 86' lang='lat' dir='ltr'><strong>quoque</strong></span> <span class='ocrx_word' id='word_1_126' title='bbox 694 2201 857 2263; x_wconf 84' lang='lat' dir='ltr'><strong>Haluiensis</strong></span> <span class='ocrx_word' id='word_1_127' title='bbox 884 2203 929 2264; x_wconf 82' lang='lat' dir='ltr'><strong>A.</strong></span> <span class='ocrx_word' id='word_1_128' title='bbox 973 2205 1021 2265; x_wconf 87' lang='lat' dir='ltr'><strong>Ita</strong></span> <span class='ocrx_word' id='word_1_129' title='bbox 1046 2218 1086 2268; x_wconf 71' lang='lat' dir='ltr'><strong>tn</strong></span> 
     </span>
     <span class='ocr_line' id='line_1_21' title="bbox 177 2305 1085 2392; baseline 0.003 -27"><span class='ocrx_word' id='word_1_130' title='bbox 177 2307 330 2392; x_wconf 85' lang='lat' dir='ltr'><strong>nobiliore</strong></span> <span class='ocrx_word' id='word_1_131' title='bbox 351 2309 380 2367; x_wconf 93' lang='lat' dir='ltr'><strong>in</strong></span> <span class='ocrx_word' id='word_1_132' title='bbox 403 2308 466 2367; x_wconf 90' lang='lat' dir='ltr'><strong>Ioco</strong></span> <span class='ocrx_word' id='word_1_133' title='bbox 485 2305 607 2385; x_wconf 88' lang='lat' dir='ltr'><strong>positum</strong></span> <span class='ocrx_word' id='word_1_134' title='bbox 628 2314 720 2379; x_wconf 83' lang='lat' dir='ltr'><strong>esset3</strong></span> <span class='ocrx_word' id='word_1_135' title='bbox 742 2305 793 2364; x_wconf 88' lang='lat' dir='ltr'><strong>sed</strong></span> <span class='ocrx_word' id='word_1_136' title='bbox 815 2306 890 2365; x_wconf 78' lang='lat' dir='ltr'><strong>dam</strong></span> <span class='ocrx_word' id='word_1_137' title='bbox 913 2305 1000 2366; x_wconf 85' lang='lat' dir='ltr'><strong>ictum</strong></span> <span class='ocrx_word' id='word_1_138' title='bbox 1021 2329 1085 2368; x_wconf 84' lang='lat' dir='ltr'><strong>var·</strong></span> 
     </span>
     <span class='ocr_line' id='line_1_22' title="bbox 193 2405 1086 2488; baseline 0.002 -22"><span class='ocrx_word' id='word_1_139' title='bbox 193 2425 244 2466; x_wconf 83' lang='lat' dir='ltr'><strong>sus</strong></span> <span class='ocrx_word' id='word_1_140' title='bbox 275 2417 439 2488; x_wconf 86' lang='lat' dir='ltr'><strong>occuparet,</strong></span> <span class='ocrx_word' id='word_1_141' title='bbox 473 2415 502 2466; x_wconf 85' lang='lat' dir='ltr'><strong>et</strong></span> <span class='ocrx_word' id='word_1_142' title='bbox 527 2405 659 2488; x_wconf 80' lang='lat' dir='ltr'><strong>gravius,</strong></span> <span class='ocrx_word' id='word_1_143' title='bbox 693 2427 776 2486; x_wconf 87' lang='lat' dir='ltr'><strong>quarn</strong></span> <span class='ocrx_word' id='word_1_144' title='bbox 809 2406 944 2479; x_wconf 85' lang='lat' dir='ltr'><strong>debebat,</strong></span> <span class='ocrx_word' id='word_1_145' title='bbox 979 2409 1086 2468; x_wconf 83' lang='lat' dir='ltr'><strong>dictum</strong></span> 
     </span>
     <span class='ocr_line' id='line_1_23' title="bbox 195 2516 279 2570; baseline 0.036 -3"><span class='ocrx_word' id='word_1_146' title='bbox 195 2516 279 2570; x_wconf 86' lang='lat' dir='ltr'><strong>esset.</strong></span> 
     </span>
    </p>

    <p class='ocr_par' dir='ltr' id='par_1_10' title="bbox 275 2601 1098 2687">
     <span class='ocr_line' id='line_1_24' title="bbox 275 2601 1098 2687; baseline 0.004 -21"><span class='ocrx_word' id='word_1_147' title='bbox 275 2613 422 2672; x_wconf 82' lang='lat'><strong>76—77.</strong></span> <span class='ocrx_word' id='word_1_148' title='bbox 466 2605 547 2663; x_wconf 84' lang='lat' dir='ltr'><strong>Nunc</strong></span> <span class='ocrx_word' id='word_1_149' title='bbox 576 2625 628 2683; x_wconf 88' lang='lat' dir='ltr'><strong>par</strong></span> <span class='ocrx_word' id='word_1_150' title='bbox 650 2604 827 2677; x_wconf 87' lang='lat' dir='ltr'><strong>cantionum,</strong></span> <span class='ocrx_word' id='word_1_151' title='bbox 862 2601 962 2687; x_wconf 79' lang='lat' dir='ltr'><strong>quibis</strong></span> <span class='ocrx_word' id='word_1_152' title='bbox 983 2609 1098 2670; x_wconf 70' lang='lat' dir='ltr'><strong>Iolao·</strong></span> 
     </span>
    </p>
   </div>
   <div class='ocr_carea' id='block_1_10' title="bbox 130 2682 1194 2888">
    <p class='ocr_par' dir='ltr' id='par_1_11' title="bbox 130 2682 1194 2888">
     <span class='ocr_line' id='line_1_25' title="bbox 130 2682 1194 2806; baseline -0.005 -36"><span class='ocrx_word' id='word_1_153' title='bbox 130 2682 142 2744; x_wconf 63' lang='lat' dir='ltr'><em>ss</em></span> <span class='ocrx_word' id='word_1_154' title='bbox 193 2708 339 2782; x_wconf 87' lang='lat' dir='ltr'><strong>irridetur,</strong></span> <span class='ocrx_word' id='word_1_155' title='bbox 373 2725 452 2785; x_wconf 88' lang='lat' dir='ltr'><strong>quom</strong></span> <span class='ocrx_word' id='word_1_156' title='bbox 480 2703 593 2783; x_wconf 82' lang='lat' dir='ltr'><strong>fingunt</strong></span> <span class='ocrx_word' id='word_1_157' title='bbox 619 2711 647 2762; x_wconf 91' lang='lat' dir='ltr'><strong>et</strong></span> <span class='ocrx_word' id='word_1_158' title='bbox 670 2713 816 2766; x_wconf 85' lang='lat' dir='ltr'><strong>venustam</strong></span> <span class='ocrx_word' id='word_1_159' title='bbox 836 2707 965 2788; x_wconf 86' lang='lat' dir='ltr'><strong>Phyllida</strong></span> <span class='ocrx_word' id='word_1_160' title='bbox 986 2729 1085 2787; x_wconf 89' lang='lat' dir='ltr'><strong>quam·</strong></span> <span class='ocrx_word' id='word_1_161' title='bbox 1193 2765 1194 2806; x_wconf 65' lang='lat'>;</span> 
     </span>
     <span class='ocr_line' id='line_1_26' title="bbox 193 2803 1194 2888; baseline -0.001 -20"><span class='ocrx_word' id='word_1_162' title='bbox 193 2810 256 2870; x_wconf 88' lang='lat' dir='ltr'><strong>dam</strong></span> <span class='ocrx_word' id='word_1_163' title='bbox 277 2810 353 2868; x_wconf 86' lang='lat' dir='ltr'><strong>alere</strong></span> <span class='ocrx_word' id='word_1_164' title='bbox 375 2807 478 2863; x_wconf 88' lang='lat' dir='ltr'><strong>dicunt.</strong></span> <span class='ocrx_word' id='word_1_165' title='bbox 521 2803 798 2888; x_wconf 78' lang='lat' dir='ltr'><strong>Damoetasrogat,</strong></span> <span class='ocrx_word' id='word_1_166' title='bbox 831 2815 865 2868; x_wconf 93' lang='lat' dir='ltr'><strong>ut</strong></span> <span class='ocrx_word' id='word_1_167' title='bbox 886 2811 939 2868; x_wconf 86' lang='lat' dir='ltr'><strong>sibi</strong></span> <span class='ocrx_word' id='word_1_168' title='bbox 960 2809 1085 2888; x_wconf 89' lang='lat' dir='ltr'><strong>puellam</strong></span> <span class='ocrx_word' id='word_1_169' title='bbox 1193 2841 1194 2846; x_wconf 18' lang='grc' dir='ltr'><strong>κ</strong></span> 
     </span>
    </p>
   </div>
   <div class='ocr_carea' id='block_1_11' title="bbox 192 2897 1083 3494">
    <p class='ocr_par' dir='ltr' id='par_1_12' title="bbox 192 2897 1083 3494">
     <span class='ocr_line' id='line_1_27' title="bbox 192 2897 1083 2990; baseline 0 -20"><span class='ocrx_word' id='word_1_170' title='bbox 192 2912 229 2970; x_wconf 88' lang='lat' dir='ltr'><strong>ad</strong></span> <span class='ocrx_word' id='word_1_171' title='bbox 250 2929 330 2970; x_wconf 89' lang='lat' dir='ltr'><strong>suum</strong></span> <span class='ocrx_word' id='word_1_172' title='bbox 356 2904 493 2977; x_wconf 85' lang='lat' dir='ltr'><strong>natalem,</strong></span> <span class='ocrx_word' id='word_1_173' title='bbox 531 2922 586 2981; x_wconf 90' lang='lat' dir='ltr'><strong>quo</strong></span> <span class='ocrx_word' id='word_1_174' title='bbox 609 2908 700 2966; x_wconf 85' lang='lat' dir='ltr'><strong>Genio</strong></span> <span class='ocrx_word' id='word_1_175' title='bbox 728 2909 943 2990; x_wconf 76' lang='lat' dir='ltr'><strong>indulgebatur,</strong></span> <span class='ocrx_word' id='word_1_176' title='bbox 977 2897 1083 2984; x_wconf 81' lang='lat' dir='ltr'><strong>mittat,</strong></span> 
     </span>
     <span class='ocr_line' id='line_1_28' title="bbox 193 3003 1083 3086; baseline 0.011 -22"><span class='ocrx_word' id='word_1_177' title='bbox 193 3022 235 3084; x_wconf 81' lang='lat' dir='ltr'><strong>er,</strong></span> <span class='ocrx_word' id='word_1_178' title='bbox 269 3006 398 3086; x_wconf 84' lang='lat' dir='ltr'><strong>qnoniam</strong></span> <span class='ocrx_word' id='word_1_179' title='bbox 431 3003 490 3081; x_wconf 90' lang='lat' dir='ltr'><strong>ipse</strong></span> <span class='ocrx_word' id='word_1_180' title='bbox 511 3005 594 3065; x_wconf 91' lang='lat' dir='ltr'><strong>bodie</strong></span> <span class='ocrx_word' id='word_1_181' title='bbox 623 3028 679 3067; x_wconf 91' lang='lat' dir='ltr'><strong>non</strong></span> <span class='ocrx_word' id='word_1_182' title='bbox 708 3009 788 3068; x_wconf 90' lang='lat' dir='ltr'><strong>simul</strong></span> <span class='ocrx_word' id='word_1_183' title='bbox 810 3011 919 3083; x_wconf 87' lang='lat' dir='ltr'><strong>veniat,</strong></span> <span class='ocrx_word' id='word_1_184' title='bbox 953 3009 1029 3072; x_wconf 86' lang='lat' dir='ltr'><strong>visat</strong></span> <span class='ocrx_word' id='word_1_185' title='bbox 1050 3033 1083 3074; x_wconf 85' lang='lat' dir='ltr'><strong>sc</strong></span> 
     </span>
     <span class='ocr_line' id='line_1_29' title="bbox 193 3104 1082 3172; baseline 0.004 -4"><span class='ocrx_word' id='word_1_186' title='bbox 193 3116 271 3169; x_wconf 84' lang='lat' dir='ltr'><strong>carto</strong></span> <span class='ocrx_word' id='word_1_187' title='bbox 303 3106 349 3163; x_wconf 88' lang='lat' dir='ltr'><strong>die</strong></span> <span class='ocrx_word' id='word_1_188' title='bbox 384 3104 590 3168; x_wconf 88' lang='lat' dir='ltr'><strong>ambarvalium.</strong></span> <span class='ocrx_word' id='word_1_189' title='bbox 642 3109 800 3171; x_wconf 77' lang='lat' dir='ltr'><strong>Natalem</strong></span> <span class='ocrx_word' id='word_1_190' title='bbox 832 3113 1017 3171; x_wconf 82' lang='lat' dir='ltr'><strong>comissantes</strong></span> <span class='ocrx_word' id='word_1_191' title='bbox 1053 3114 1082 3172; x_wconf 92' lang='lat' dir='ltr'><strong>in</strong></span> 
     </span>
     <span class='ocr_line' id='line_1_30' title="bbox 192 3205 1081 3291; baseline 0.013 -26"><span class='ocrx_word' id='word_1_192' title='bbox 192 3208 263 3265; x_wconf 84' lang='lat' dir='ltr'><strong>albis</strong></span> <span class='ocrx_word' id='word_1_193' title='bbox 293 3205 419 3266; x_wconf 82' lang='lat' dir='ltr'><strong>vestibus</strong></span> <span class='ocrx_word' id='word_1_194' title='bbox 445 3208 639 3281; x_wconf 88' lang='lat' dir='ltr'><strong>celebrabant,</strong></span> <span class='ocrx_word' id='word_1_195' title='bbox 673 3231 728 3291; x_wconf 89' lang='lat' dir='ltr'><strong>quo</strong></span> <span class='ocrx_word' id='word_1_196' title='bbox 756 3211 863 3272; x_wconf 85' lang='lat' dir='ltr'><strong>Genius</strong></span> <span class='ocrx_word' id='word_1_197' title='bbox 889 3213 944 3271; x_wconf 89' lang='lat' dir='ltr'><strong>Lb.</strong></span> <span class='ocrx_word' id='word_1_198' title='bbox 966 3213 994 3287; x_wconf 92' lang='lat' dir='ltr'><strong>I,</strong></span> <span class='ocrx_word' id='word_1_199' title='bbox 1018 3222 1081 3276; x_wconf 77' lang='lat'><strong>302</strong></span> 
     </span>
     <span class='ocr_line' id='line_1_31' title="bbox 192 3303 1082 3390; baseline 0.013 -26"><span class='ocrx_word' id='word_1_200' title='bbox 192 3307 267 3364; x_wconf 85' lang='lat' dir='ltr'><strong>iuter</strong></span> <span class='ocrx_word' id='word_1_201' title='bbox 293 3303 400 3380; x_wconf 88' lang='lat' dir='ltr'><strong>Lares,</strong></span> <span class='ocrx_word' id='word_1_202' title='bbox 433 3311 531 3390; x_wconf 83' lang='lat' dir='ltr'><strong>amplis</strong></span> <span class='ocrx_word' id='word_1_203' title='bbox 558 3311 671 3370; x_wconf 89' lang='lat' dir='ltr'><strong>coronis</strong></span> <span class='ocrx_word' id='word_1_204' title='bbox 697 3318 830 3384; x_wconf 83' lang='lat' dir='ltr'><strong>ornatus,</strong></span> <span class='ocrx_word' id='word_1_205' title='bbox 860 3320 976 3385; x_wconf 86' lang='lat' dir='ltr'><strong>unctus,</strong></span> <span class='ocrx_word' id='word_1_206' title='bbox 1005 3314 1082 3376; x_wconf 85' lang='lat' dir='ltr'><strong>inter</strong></span> 
     </span>
     <span class='ocr_line' id='line_1_32' title="bbox 193 3405 1080 3494; baseline 0.017 -32"><span class='ocrx_word' id='word_1_207' title='bbox 193 3405 296 3464; x_wconf 86' lang='lat' dir='ltr'><strong>odores</strong></span> <span class='ocrx_word' id='word_1_208' title='bbox 318 3427 369 3486; x_wconf 92' lang='lat' dir='ltr'><strong>pro</strong></span> <span class='ocrx_word' id='word_1_209' title='bbox 392 3412 502 3472; x_wconf 88' lang='lat' dir='ltr'><strong>ratione</strong></span> <span class='ocrx_word' id='word_1_210' title='bbox 531 3432 666 3472; x_wconf 87' lang='lat' dir='ltr'><strong>annorum</strong></span> <span class='ocrx_word' id='word_1_211' title='bbox 687 3412 753 3474; x_wconf 84' lang='lat' dir='ltr'><strong>uina</strong></span> <span class='ocrx_word' id='word_1_212' title='bbox 780 3413 892 3490; x_wconf 84' lang='lat' dir='ltr'><strong>libaque</strong></span> <span class='ocrx_word' id='word_1_213' title='bbox 913 3414 1080 3494; x_wconf 82' lang='lat' dir='ltr'><strong>accipiebat,</strong></span> 
     </span>
    </p>
   </div>
   <div class='ocr_carea' id='block_1_12' title="bbox 0 0 1202 3986">
    <p class='ocr_par' dir='ltr' id='par_1_13' title="bbox 0 0 1202 3986">
     <span class='ocr_line' id='line_1_33' title="bbox 0 0 1202 3986; baseline 0 0"><span class='ocrx_word' id='word_1_214' title='bbox 0 0 1202 3986; x_wconf 95' lang='lat' dir='ltr'><strong> </strong></span> 
     </span>
    </p>
   </div>
   <div class='ocr_carea' id='block_1_13' title="bbox 1193 2738 1198 3788">
    <p class='ocr_par' dir='ltr' id='par_1_14' title="bbox 1193 2738 1198 3788">
     <span class='ocr_line' id='line_1_34' title="bbox 1193 2738 1198 3788; baseline 0 0"><span class='ocrx_word' id='word_1_215' title='bbox 1193 2738 1198 3788; x_wconf 95' lang='lat' dir='ltr'><strong> </strong></span> 
     </span>
    </p>
   </div>
   <div class='ocr_carea' id='block_1_14' title="bbox 1194 2738 1198 3788">
    <p class='ocr_par' dir='ltr' id='par_1_15' title="bbox 1194 2738 1198 3788">
     <span class='ocr_line' id='line_1_35' title="bbox 1194 2738 1198 3788; baseline 0 0"><span class='ocrx_word' id='word_1_216' title='bbox 1194 2738 1198 3788; x_wconf 95' lang='lat' dir='ltr'><strong> </strong></span> 
     </span>
    </p>
   </div>
  </div>
 </body>
</html>
