2392 3986
208 249 272 312 m
436 239 590 302 naboan
613 239 660 300 lll.
684 243 871 302 ror-105.

207 408 254 488 qui
292 409 419 471 studiose
449 409 544 471 bullae
578 403 686 490 insigni
719 405 791 481 vu,
828 412 869 470 28
906 415 1007 469 eontra
1037 423 1090 465 on·

151 523 155 530 ’
209 529 271 570 nem
292 509 506 570 fascinationem
528 511 733 570 muniebantur.
776 511 874 588 Neque
889 510 976 570 invidi
997 508 1090 577 solum,

208 631 294 690 saepe
315 612 411 682 amici,
445 610 607 681 familiaris,
641 611 729 690 ipsius
751 611 839 691 patris
861 609 961 670 infelix
983 611 1092 670 oculus

209 731 272 772 csse
295 713 458 781 videbatur,
494 718 527 769 ut
548 719 651 770 matres
673 713 708 770 ab
730 713 772 772 iis'
786 711 910 772 infantes
931 717 1015 772 natos
1035 717 1092 768 tue·

209 819 321 884 rentum
354 819 385 871 et
407 812 535 890 exemplo
556 819 638 870 erant
659 813 830 890 aliquorum,
864 813 983 891 quibus,
1015 813 1115 891 quum'

209 913 359 993 imaginem
390 931 468 970 suam
496 925 582 990 aqua'
602 913 767 992 conspicere
793 913 964 983 voluissent,
1002 909 1093 970 morbo

208 1013 299 1071 formo
324 1013 447 1092 perierit.
492 1013 584 1082 Etiam
613 1033 688 1074 nuno
708 1011 863 1073 infantibus
884 1020 914 1072 et
935 1013 1020 1092 pullis
1038 1009 1094 1070 ani·

210 1115 321 1173 mallum
336 1115 441 1174 oculus
463 1133 520 1172 non
542 1115 631 1172 solum
654 1117 736 1174 obest
749 1114 915 1187 ‘fascinans3
943 1115 995 1173 sed
1017 1113 1095 1194 edam

209 1215 335 1276 nutrices
357 1222 438 1286 sunt,
467 1233 553 1292 quae,
589 1216 750 1294 prinsquam
777 1215 813 1275 ad
836 1234 918 1274 sacra
944 1222 1095 1275 nater-re·

210 1315 291 1374 diens
312 1315 432 1374 lustrata
452 1315 505 1385 slt,
538 1297 674 1376 infantem
696 1316 825 1376 dubitent
854 1316 955 1394 cuique
975 1317 1097 1376 advenae

210 1421 382 1486 monstrares
411 1435 446 1474 ne
468 1414 544 1474 forte
565 1417 706 1499 malignus
728 1419 801 1477 inter
822 1437 873 1476 eos
894 1418 994 1501 oculus
1015 1417 1098 1475 inter·

211 1515 263 1585 sit,
296 1515 344 1592 qui
371 1521 534 1575 nocturnam
557 1518 678 1596 quietem
705 1519 797 1598 partui
819 1517 939 1578 auferat.
984 1519 1098 1580 Nescio

212 1613 288 1694 pati
317 1619 448 1690 oculas,
483 1619 595 1692 oculus,
625 1621 687 1700 qui,
715 1619 777 1698 quis
798 1619 850 1690 sit,
884 1619 999 1692 nescio;
1027 1621 1100 1699 pais

212 1733 263 1793 pro
295 1720 363 1794 pai.
412 1717 606 1798 Praegrave
633 1719 804 1801 Lengnicbii
835 1737 946 1799 quoqne
976 1721 1048 1781 liber
1074 1723 1102 1777 et

213 1814 359 1876 [lambens.
389 1817 420 1878 C
435 1815 555 1879 hoedos
583 1820 677 1880 babet.
720 1819 837 1879 Scribae
858 1821 1015 1880 Monoleum
1044 1818 1101 1899 opi·

214 1917 354 1976 nubantur
388 1918 447 1994 suis
482 1919 575 1980 verbis
609 1920 769 1998 loquentem
801 1919 899 1980 audire
931 1922 1102 2000 caprarium3

213 2017 309 2096 quidni
330 2017 414 2076 etiam
435 2037 461 2076 v.
485 2025 525 2076 94
547 2025 578 2075 et
598 2023 658 2078 sal
964 2029 968 2037 “
1020 1993 1029 2008 ⁰

301 2119 485 2175 104-105.
528 2115 703 2176 Postrcnmm
727 2117 839 2176 additur
861 2139 912 2199 par
934 2121 1103 2181 rusticorum

214 2214 418 2296 aenigmatum,
453 2215 568 2276 omnino
594 2216 740 2278 veritatem
769 2219 919 2293 imitatum,
952 2222 981 2279 in
1005 2223 1103 2301 quibus
1177 2215 1178 2258 l

214 2316 324 2374 intenta
345 2317 521 2395 exspectatio
543 2337 690 2397 numquam
723 2322 759 2380 ad
786 2323 960 2382 reconditam
982 2324 1103 2402 aliquam

214 2417 385 2491 doctrinam,
421 2419 472 2477 sed
494 2420 530 2478 ad
552 2420 715 2492 verborum,
753 2421 789 2479 ad
810 2424 1013 2483 sententiarum
1036 2423 1103 2504 lepl-

215 2517 278 2575 dam
309 2519 552 2576 commutationem
583 2519 733 2598 ingeniose
760 2522 862 2582 deduci
889 2525 972 2584 solet.
1023 2527 1103 2585 Cae·

216 2619 298 2689 lum,
336 2617 410 2696 quod
439 2616 541 2674 alicubi
563 2637 614 2694 per
639 2629 709 2677 tre-r
735 2625 842 2680 tantum
864 2628 964 2685 aluos
995 2623 1104 2706 porrigi

216 2717 332 2787 dicitur,
362 2717 439 2795 ipsos
459 2722 571 2775 veteres
593 2718 797 2778 Grammaticos
819 2725 855 2783 ad
877 2726 1103 2805 desperationem

215 2817 327 2897 adegit3
362 2823 393 2874 ct
418 2814 586 2872 senioribus
602 2817 757 2898 quibusque
785 2843 872 2903 opera
903 2829 1025 2886 maneta
1051 2833 1102 2895 est,

216 2923 249 2974 ut
276 2933 312 2973 cx
334 2922 396 2981 tom·
410 2913 488 2974 uarie
516 2921 623 2976 ettam
651 2929 733 2980 acuto
759 2923 903 3007 indagatis
930 2928 1103 3006 aptissimum

216 3013 370 3093 eligerent,
403 3020 453 3071 aut
479 3035 552 3077 noua
584 3020 779 3096 enuclearent,
813 3031 874 3105 qua'
890 3027 919 3084 in
952 3047 984 3086 re
1011 3035 1102 3097 erunt,

216 3113 263 3190 qui
281 3110 469 3172 difficillimum
492 3115 634 3198 ingenium
652 3124 812 3200 probarent.
856 3127 1007 3186 Caelumnc
1021 3129 1103 3187 trium

216 3212 361 3270 ulnaruml
403 3215 462 3287 En,
495 3217 584 3298 inquit
606 3222 648 3280 vir
668 3225 780 3302 grrrvis,
816 3226 844 3284 in
867 3233 951 3304 puteo
974 3229 1102 3308 Syenite,

216 3311 264 3370 ubi
286 3313 441 3393 plrilosopbi
462 3318 533 3378 diem
560 3321 736 3382 solstitialem
757 3333 885 3399 servant,
914 3336 1020 3388 tuntum
1044 3336 1102 3388 tres

217 3410 300 3472 ulnae
329 3415 364 3473 dc
393 3417 471 3479 caelo
502 3421 723 3500 conspiciuntur!
768 3427 826 3484 Cur
847 3425 983 3503 Syenitel
1013 3428 1102 3489 inter·
