2392 3986
200 273 267 336 176
447 265 601 326 scupus
623 265 669 322 lv.
693 253 848 322 ars—sa

200 453 291 495 manu.
335 433 441 494 Versus
464 432 582 494 dulcedo
605 429 756 512 spondaeis
774 429 878 492 leniter
892 427 1089 512 gradientibus

200 553 363 615 expressum
391 534 542 616 imaginem
565 533 710 613 jucundae
737 531 870 608 mollitiae
902 537 932 588 et
951 529 1090 590 ubertatis

200 635 317 695 excitat.
360 636 516 712 Incultoe
538 639 667 704 sentes,
691 652 742 710 pro
766 629 916 710 pampinis,
944 629 991 708 qui
1013 631 1090 709 prins

200 745 300 808 erant,
328 736 518 806 silvestribus,
549 733 613 795 vitis
636 741 693 790 turn
723 739 787 791 sota
808 731 911 791 ambiet
932 751 994 790 cum
1016 736 1090 790 ucis

199 837 451 897 maturescentibus
479 839 679 910 purpureis,
720 852 790 911 quas
832 833 907 891 inter
944 831 1091 911 primarius

199 938 335 1019 Virgilius
357 935 411 996 Lb.
439 938 480 1007 ΙΙ,
510 943 550 998 95
577 940 717 994 recenset.
760 935 838 993 Mel
860 952 988 1012 quoque,
1017 933 1091 1012 qnod

199 1057 256 1096 roe
278 1037 420 1096 aetherius
442 1056 480 1096 ex
503 1036 635 1114 opinione
659 1043 784 1095 ueterum
806 1034 933 1115 gentium
956 1033 1090 1094 odoribus

199 1139 382 1198 terrestribus
405 1145 435 1196 et
456 1138 491 1196 ab
513 1136 612 1214 apibus
633 1135 834 1218 colligentibus
856 1141 1006 1212 corruptus
1029 1139 1090 1192 erat

199 1239 254 1299 Lb-
276 1239 323 1311 lV,
350 1249 376 1311 1,
399 1239 555 1318 intregrum
577 1244 635 1296 tum
657 1243 687 1294 et
707 1236 790 1307 uber,
814 1256 851 1294 ex
873 1235 950 1293 rimis
964 1237 1089 1293 sudans

201 1341 235 1400 de
258 1339 442 1420 quercubus
464 1335 598 1420 profluet,
620 1356 735 1414 quarum
751 1316 779 1394 in
792 1335 868 1394 foliis
890 1335 974 1395 etlam
996 1333 1090 1394 ferrea

201 1447 295 1498 aetate
328 1438 540 1519 integerrimum
576 1437 772 1498 inveniebatur
799 1437 851 1494 Lb.
875 1436 902 1507 Ι,
932 1443 1002 1496 131.
1047 1436 1090 1494 lta

201 1541 317 1601 Ovidius
339 1539 373 1597 dc
395 1540 535 1609 Saturno,
558 1538 605 1619 qui
626 1538 717 1597 adlruc
735 1537 847 1596 metalla
861 1537 889 1594 in
900 1535 999 1596 intima
1013 1543 1089 1596 terra

200 1640 385 1712 recondebat,
408 1639 511 1698 cecinit
531 1638 644 1699 Amor.
668 1640 724 1713 ΙΙΙ,
749 1647 783 1709 8,
807 1643 862 1698 39:
947 1655 952 1667 ‘¹
1056 1651 1059 1656 ·

233 1756 269 1807 At
285 1754 392 1808 meliora
409 1753 500 1818 dabat3
518 1769 597 1807 curvo
614 1753 670 1806 sine
687 1767 792 1805 vomere
809 1751 907 1818 fruges,

300 1840 433 1906 Pomaque
451 1843 477 1891 et
493 1837 519 1889 in
538 1854 635 1906 quercu
651 1839 728 1890 mella
744 1842 848 1904 reperta
864 1851 936 1888 curu.

200 1943 244 2002 Ad
265 1944 337 2002 banc
367 1941 495 2023 arginem
535 1941 682 2020 opiniones
720 1940 755 1999 ab
786 1939 938 2019 ingeniosa
969 1936 1089 2017 antiqui·

201 2051 260 2102 tate
291 2043 390 2101 crebro
418 2042 555 2119 repetitae
586 2040 753 2098 referendae
782 2046 863 2109 sunt,
892 2037 967 2117 quod
994 2039 1040 2099 vel
1060 2039 1087 2097 in

200 2141 437 2211 bacchanalibus,
465 2141 566 2218 quibus
588 2138 727 2218 politioris
748 2138 929 2198 humanitatis
951 2138 1089 2220 principia
1175 2215 1176 2220 η

200 2241 449 2324 significabantur,
472 2241 516 2302 vel
537 2247 683 2320 petitarum
694 2239 944 2300 effervescentibus
966 2237 1088 2302 elutione
1175 2269 1176 2302 ι

200 2343 313 2415 animis,
345 2363 427 2424 quum
457 2349 559 2401 natura
584 2348 614 2401 et
648 2343 781 2400 honestus
809 2360 916 2402 summa
948 2341 1088 2422 dignitate

200 2443 235 2502 lis
257 2449 424 2523 appareret,
445 2462 483 2501 cx
504 2443 645 2521 percussis
666 2442 781 2521 rupibus
800 2441 1088 2501 ettrnnclsarborum

200 2542 308 2617 uinum,
329 2545 374 2602 lac
395 2549 424 2601 ct
445 2543 498 2600 mol
518 2543 629 2611 exuet,
652 2547 681 2601 et
702 2562 753 2620 per
770 2540 868 2602 felices
885 2561 998 2620 campos
1022 2541 1089 2604 stru

200 2648 329 2700 manaret
350 2643 406 2713 lll,
431 2649 482 2702 89.

327 2740 399 2811 Sed,
450 2741 574 2820 quamvis
626 2742 916 2822 appropinquantibus
963 2743 1085 2813 deliciis,

98 2859 105 2870 ·
201 2841 331 2920 quoniam
367 2840 488 2901 nondum
525 2862 563 2900 ex
590 2842 666 2902 omni
692 2843 755 2904 labc
787 2845 922 2920 pristinae
953 2844 1088 2920 perniciei

201 2943 284 3002 tellus
318 2943 401 3018 plane
433 2943 589 3018 convaluit,
627 2944 664 3024 ad
694 2953 879 3004 mercaturam
911 2945 1086 3015 maritimam,

201 3041 302 3102 bellam
325 3048 354 3101 et
375 3043 576 3124 agriculturam
602 3045 684 3104 etiam
710 3064 785 3105 nunc
811 3046 938 3105 lromines
965 3045 1011 3106 uel
1038 3063 1087 3104 ne-

201 3143 333 3202 cessitate
370 3144 415 3203 vel
453 3146 536 3204 animi
574 3145 618 3205 sui
650 3146 814 3221 impotentia
851 3152 1005 3229 coguntur.
1042 3175 1086 3192 ·-·

200 3243 328 3315 Fraus,
353 3243 433 3302 dolus
454 3246 556 3316 malus,
578 3246 794 3317 incommodum,
823 3247 961 3306 damnum.
1004 3247 1086 3306 More

200 3343 400 3418 periculosum,
425 3344 526 3420 quippe
547 3346 622 3420 quod
643 3348 765 3418 Nereus,
793 3343 907 3408 Thetis
921 3345 1026 3425 aliique
1047 3346 1086 3406 dli

200 3443 267 3501 irati
289 3441 463 3516 custodiant,
491 3442 588 3523 fragili
609 3457 699 3517 rate,
726 3446 801 3524 quod
824 3446 903 3508 navis
924 3447 1085 3508 contendi!
