2424 3994
200 227 265 312 ro‘
446 245 602 306 nenoen
624 213 651 304 ιζ
672 251 821 306 11-18.
938 275 941 280 ·

267 409 344 475 Agna
360 369 436 465 einer
452 414 541 478 vobio,
559 429 637 481 quam
654 410 751 464 olrrurn
769 409 865 464 rotliee
882 411 964 478 puber

336 496 498 552 Clamettlo
516 513 614 552 menaea
632 501 659 550 et
675 495 744 550 bona
761 494 821 551 uina
838 495 907 548 dote.
951 508 953 511 ·

284 615 380 697 Agno,
403 637 459 696 quo
472 636 529 676 non
546 617 668 676 habebut
678 616 840 696 ampliorem
855 616 987 694 Tityron,
1010 635 1094 693 quan

200 715 326 777 benefico
339 717 409 777 Lari
425 720 571 789 caederet,
593 719 742 787 victimam,
765 718 853 796 ipsius
866 716 973 796 pntedii
988 701 1093 774 medio-

199 817 328 877 critatem
350 819 487 900 Virgilius
515 817 668 900 aignificat.
712 820 822 878 Caesae
852 837 938 896 supra
968 815 1094 876 flammas

198 919 310 978 hostiae
342 921 460 1001 sanguis
492 921 658 981 §mouebat
686 939 783 980 aram
817 919 885 999 (lul).
918 919 971 989 lV‚
1004 916 1092 998 542),

198 1019 245 1078 'eui
266 1020 367 1080 altaria
388 1020 428 1092 V,
460 1030 501 1084 66
524 1020 741 1100 superimposito
768 1027 850 1079 erent
876 1022 914 1080 ud
935 1027 1003 1080 exta
1024 1021 1092 1078 arlo-
1187 1081 1190 1086 ,

198 1121 283 1180 lenda
303 1127 404 1185 vele.
448 1123 576 1183 Nostra
591 1122 698 1194 ovilio,
720 1143 811 1182 meae
832 1123 920 1182 boves
941 1137 1019 1180 more
1032 1139 1091 1179 aer·

199 1222 333 1283 vientiunr
360 1225 464 1284 dietum
491 1230 550 1296 eat,
581 1224 811 1302 quemadmodum
832 1222 939 1284 llloeria
965 1223 1021 1294 lX,
1051 1229 1089 1282 11

199 1310 284 1383 etiarn
312 1325 437 1385 earmina
464 1325 568 1384 donrini
595 1336 714 1384 nostre
735 1324 812 1384 dieit.
855 1325 960 1384 lndene
986 1323 1091 1382 foetum

198 1431 259 1495 ert,
292 1435 324 1483 ut
351 1445 423 1486 euna
449 1426 538 1486 barba
564 1426 685 1504 Tityrus
719 1425 781 1505 ipse
807 1425 944 1507 Virgilius
976 1431 1091 1506 putatus

198 1525 255 1584 sito
289 1525 443 1598 Ludere,
468 1527 585 1608 jocari,
614 1535 678 1588 arte
698 1528 830 1600 rnuaieu,‚
852 1527 929 1588 loelli
949 1533 1033 1586 cantu
1062 1534 1092 1586 et
1198 1585 1201 1602 ,

124 1663 126 1666 ·
199 1627 352 1690 uoluam
380 1629 433 1701 Vl,
466 1635 507 1692 28
539 1628 688 1712 delecteri3
727 1631 800 1709 apud
831 1630 959 1690 Graecos
980 1647 1092 1708 qnoque

200 1727 315 1802 παιζειν
336 1736 366 1788 et
387 1729 496 1790 παιδια
518 1731 554 1790 de
576 1731 729 1791 saltatione
756 1739 786 1791 et
807 1737 892 1802 cantu
920 1729 1016 1812 (llorn.
1038 1731 1092 1789 (ld.

200 1830 253 1902 Vl,
278 1838 350 1894 100.
371 1833 474 1892 Athen.
498 1833 529 1904 l,
552 1841 589 1893 11
614 1854 641 1913 p.
666 1830 737 1916 14);
765 1833 816 1892 aed
837 1839 945 1892 remoto
967 1831 1092 1894 levitatis

199 1951 304 2005 sensu,
334 1933 381 2012 qui
403 1934 432 1993 in
455 1942 554 1994 nostro
576 1935 706 2008 epieleo
727 1955 813 2014 saepe
844 1933 962 1994 aceedit.
1005 1933 1091 1996 Delo·

104 2097 105 2102 χ
200 2033 288 2092 ctotio
310 2035 384 2092 enirn
406 2041 435 2092 et
448 2055 498 2113 per
520 2055 561 2104 se,
584 2042 614 2096 et
634 2035 710 2111 quod
731 2035 807 2093 serio
828 2036 864 2093 od
885 2035 1004 2113 negotia
1025 2035 1092 2095 inda

199 2133 374 2205 reficiamur,
396 2134 564 2213 dignitatern
586 2134 715 2193 habebnt.
759 2134 851 2213 lpaiua
873 2134 958 2192 animi
980 2138 1091 2196 exerci-

200 2234 336 2295 tationem
362 2234 457 2294 ludum
478 2221 658 2314 appellabant
685 2236 805 2295 llonrani
831 2236 850 2295 i.
872 2257 899 2296 e.
917 2237 1028 2316 jocum,
1062 2248 1093 2298 ot
1170 2240 1179 2252 '

200 2357 263 2397 eun
285 2337 404 2398 Graecis
426 2337 549 2397 scholam
572 2337 591 2396 i.
614 2356 640 2396 e.
663 2337 770 2410 otium,
798 2338 874 2418 quod
895 2337 983 2396 comis
1005 2338 1034 2397 in
1056 2359 1092 2400 eo

200 2439 358 2499 lrurnanitaa
385 2439 421 2500 iia
453 2439 599 2519 proposita
636 2445 712 2510 erat,
749 2459 807 2500 non
835 2440 927 2500 tristis
952 2442 1092 2522 pecuniae

199 2539 378 2618 conquisitio.
894 2559 896 2562 ·

144 2623 148 2636 ¹
286 2647 437 2700 11—18.
478 2641 542 2698 uon
564 2641 671 2700 nvrut
692 2641 802 2719 quidem
824 2641 1091 2722 Meliboeusuityri

200 2742 361 2813 securitati,
397 2742 449 2800 sed
475 2761 533 2800 non
568 2741 637 2800 satis
664 2749 726 2801 tuto
758 2763 793 2802 eo
820 2744 940 2805 videtur.
991 2745 1090 2818 Miror,

199 2843 293 2923 quod,
316 2865 398 2924 quum
421 2862 518 2902 omnes
539 2841 638 2924 fugam
658 2844 824 2918 intendant,
847 2847 930 2905 etiarn
953 2846 988 2905 de
1009 2849 1091 2907 ooelo
1156 2907 1159 2916 „

198 2947 299 3005 rnoniti
326 2945 432 3016 simus,
463 2950 525 3004 tute
545 2945 574 3005 in
595 2945 648 3004 hee
675 2947 763 3005 totius
784 2947 849 3029 ogri
879 2947 1091 3030 perturbatione

199 3048 345 3127 quiescere
359 3047 453 3126 possis
469 3055 499 3105 et
519 3067 594 3129 grex
616 3056 690 3110 tuns.
734 3050 779 3108 An
801 3049 926 3108 fallerisl
949 3055 999 3107 out
1014 3050 1091 3127 quis-

199 3171 265 3209 nonr
291 3157 336 3209 est
362 3147 409 3207 ille
430 3148 528 3220 Deua,
565 3151 612 3230 qui
638 3150 679 3209 ita
705 3155 735 3209 te
758 3170 886 3210 securum
908 3149 1026 3210 recldotl
1048 3183 1092 3197 -

199 3251 340 3312 llleliboeo
371 3269 454 3330 quum
475 3271 538 3311 eunr
558 3273 652 3334 grege
673 3272 725 3312 suo
748 3252 832 3311 etiam
854 3270 929 3310 nune
949 3249 1092 3331 aufugere

199 3354 299 3424 lineat,
321 3353 401 3432 inque
422 3353 506 3413 etiarn
528 3354 661 3432 Tityrum
683 3354 719 3412 de
740 3353 832 3412 salute
853 3358 981 3422 namt,
1012 3351 1092 3412 viena

199 3457 328 3518 Anninus
350 3457 489 3528 nondun,
513 3462 545 3514 ut
566 3455 662 3534 opinio
685 3460 743 3526 eet3
771 3454 800 3513 in
822 3460 1021 3517 veteranorum
1044 3455 1095 3512 nri-
