2424 3994
194 223 242 284 nn
454 213 608 314 ECLOGp
631 215 665 274 ΙΙ.
691 222 834 276 19—27.

197 365 344 460 globibus,
379 377 433 438 ubi*
447 380 555 458 pullae,
584 377 690 452 flavae,
724 378 826 442 rutilae
848 388 877 440 et
899 382 1001 462 nigrae
1024 403 1094 444 oves
1168 407 1169 410 ¹

197 479 275 538 nasci
298 477 443 551 solebant,
466 486 495 538 et
517 478 612 541 nativo
635 481 731 539 colore
753 482 1042 553 commendabantur,
1065 484 1093 542 in
1197 487 1198 558 ᾗ

197 579 317 638 caeteris
347 581 512 640 camlr’dae
526 577 766 660 'procreabantur
798 580 937 662 singulari
970 583 1092 642 artificio
1197 615 1198 668 3

195 679 249 737 Lb.
272 679 322 750 ΙΙΙ,
345 686 420 740 387:
455 680 586 759 quoniam
607 681 652 740 bic
680 680 759 740 color
779 683 815 740 ad
846 682 980 762 pleraque
1009 667 1093 745 saera
1197 669 1198 742 ἶ

197 784 226 837 et
248 779 284 837 ad
306 777 485 856 quotidianas
511 786 606 840 vestes
627 781 828 842 Romanorum
847 791 910 842 erat
932 784 1026 855 utilis,
1063 794 1093 844 et
1197 827 1198 836 ι

197 879 321 956 quolibet
343 879 399 937 alio
421 879 504 940 facile
525 881 692 940 mutabatur.
736 883 856 956 Quare„
870 882 894 942 si
916 889 1005 946 nivei
1028 906 1091 946 ver·

196 980 259 1037 bum
282 980 318 1036 ad
344 985 478 1054 pecoris
505 981 614 1042 referre
641 983 789 1054 malumus,
823 983 855 1044 fit
882 985 911 1042 id
939 1006 995 1044 uon
1028 987 1091 1046 sine
1167 978 1170 987 ¹

197 1078 339 1159 gravitate
361 1079 468 1157 aliqua3
497 1083 532 1140 ad
556 1085 659 1144 laerta
681 1084 809 1162 speciose
831 1091 955 1156 tontum,
983 1085 1090 1165 itaque,

197 1187 229 1238 ut
250 1186 317 1240 ante
339 1201 439 1261 qoam
458 1183 648 1260 praepositum
664 1183 704 1241 sit
723 1183 891 1266 insigniore,
915 1206 1090 1265 quamquem
1197 1199 1198 1226 Ι

197 1287 326 1351 mereret,
349 1282 421 1339 loco.
466 1282 650 1366 Singulorum
674 1287 818 1346 millium
838 1287 960 1366 majores
981 1309 1090 1371 greges

197 1381 297 1440 ovillas
323 1377 412 1438 fuisse
439 1380 531 1440 Varro
559 1382 641 1454 dicit,
676 1392 809 1462 quantum
837 1387 919 1466 hujus
945 1385 1111 1450 numerum'

196 1477 284 1536 fuisse
311 1479 387 1538 laeta
416 1477 529 1539 focum
555 1482 700 1564 siguificat
721 1487 781 1564 jam
808 1489 1008 1548 submissurum
1037 1511 1089 1573 ng-

168 1637 171 1646 ,
196 1597 295 1636 norum
317 1579 548 1652 amurmurabant,
571 1583 618 1661 qui
632 1588 796 1660 fhemirrei
818 1588 979 1668 plerumque
1001 1612 1088 1654 senua

196 1685 278 1737 erant
298 1678 352 1738 Lb.
374 1680 423 1750 ΙΙΙ,
446 1687 496 1743 63.
520 1686 590 1746 386.
635 1685 730 1751 Quare
747 1687 920 1748 Theocritus
931 1692 1008 1764 XVl,
1031 1701 1086 1756 90:

262 1837 295 1850 -
331 1839 364 1850 -
398 1839 431 1849 -
465 1821 509 1852 -1
532 1815 622 1868 balent

262 1893 360 1960 Multa,
377 1911 484 1963 precor,
503 1899 604 1965 pecoris
620 1915 669 1966 per
685 1916 789 1968 campos
801 1902 923 1970 ,grarmne
940 1907 1020 1973 opimi

261 1976 352 2028 Millie.
388 2009 391 2022 .

194 2075 327 2132 Nimirum
348 2079 448 2154 plenus
476 2097 608 2138 numerus
637 2081 722 2156 paulo
743 2083 789 2141 vel
820 2083 943 2145 imminui
970 2091 1013 2149 vel
1036 2113 1087 2154 nu·

194 2174 257 2253 geri
279 2181 404 2252 poterat3
427 2176 516 2255 impar
529 2197 640 2256 quoque
661 2199 771 2259 semper
791 2202 856 2244 esse
878 2185 998 2249 debebat
1010 2192 1085 2266 Vlll,

192 2271 260 2335 75.Ι
286 2275 422 2334 Centenis
443 2277 549 2358 singuli
570 2279 645 2341 servi
666 2280 873 2358 tribuebantur3
910 2287 950 2348 ita
974 2298 1007 2349 ut
1029 2295 1085 2352 Co·

193 2373 297 2450 rydon,
324 2377 431 2454 pariter
452 2384 536 2457 atque
557 2380 697 2441 Eumaeus
719 2384 899 2458 Homericus,
921 2390 1083 2468 splendidus

193 2479 268 2530 esset
288 2474 411 2534 virorum
439 2478 506 2535 dux.
549 2479 650 2558 Agnos
680 2486 874 2545 auctumnales
902 2489 980 2548 multi
1002 2513 1082 2570 praua

192 2569 321 2631 ferebant
341 2575 435 2633 vernis
462 2576 561 2655 aguis,
595 2580 670 2656 quel
698 2582 733 2639 ad
761 2602 819 2642 rem
846 2587 1016 2664 pertineret,
1051 2603 1090 2654 ut

192 2676 259 2729 ante
285 2671 420 2731 aestivum
442 2673 535 2754 magis
561 2695 643 2754 quam
670 2679 814 2743 hibernum
842 2687 992 2748 solstitium
1014 2713 1081 2752 con·

190 2769 374 2830 valescerent.
434 2769 541 2854 lgitrir,
575 2777 625 2836 GL
658 2779 756 2840 diebus
792 2803 876 2862 quum
905 2789 966 2848 ovis
998 2813 1080 2871 prae-

190 2889 284 2950 gnans
304 2870 356 2942 rit,
392 2873 428 2932 nd
448 2875 630 2938 admissuram
657 2886 766 2960 tempus
793 2884 971 2966 deligebant,
1004 2897 1079 2970 quod

190 2975 234 3026 est
255 2970 290 3027 ab
311 2971 423 3032 Arcturi
451 2995 552 3036 occasu
576 2974 621 3056 (a.
644 2981 670 3038 d.
689 2982 738 3042 lll.
761 2984 801 3044 ld.
823 2985 912 3066 Mai.)
934 2989 971 3047 ad
991 2993 1079 3071 Aqui-

189 3067 234 3126 lae
255 3089 382 3129 occnsun
406 3069 446 3160 (a.
469 3077 496 3134 d.
518 3077 555 3136 X.
579 3081 639 3140 Cel.
662 3083 816 3165 Sexfil‘),
839 3093 870 3146 ut
891 3084 931 3146 ab‘
949 3097 1078 3154 extremo

255 3298 282 3365 ⁸)
318 3302 399 3355 Varro
417 3303 495 3357 dere
512 3309 800 3378 meticall,2,13cf.
829 3316 897 3367 Plin.
916 3318 941 3369 lr.
959 3337 985 3372 n.
1006 3323 1076 3391 vlu,

185 3380 228 3447 ll,
246 3382 381 3452 tritique
398 3387 522 3440 Herduin.
