2414 3978
186 251 253 314 osa
437 238 592 304 lecticas
613 221 651 312 x}
673 245 808 315 44-49,

184 411 290 470 tionem
311 417 422 470 amatae
441 411 541 490 procul
561 415 715 489 apamia
737 409 836 476 Gabns
857 409 999 489 queritur:
1022 431 1074 472 nee

184 512 239 572 nisi
260 512 290 572 in
311 532 386 572 anno
398 511 565 586 nccxvll,
586 513 635 592 qni
655 513 733 572 solus
754 512 807 572 bac
827 510 858 570 in
878 515 973 574 aetate
983 533 1075 575 annua

183 615 302 674 hostiles
322 615 352 672 in
374 613 485 674 ltaliam
505 614 683 674 incursiones
704 631 766 672 cum
788 609 864 673 fama
885 612 1074 692 expeditionis

183 719 220 778 ad
246 713 401 776 Menum
431 735 521 794 usque
552 714 646 776 factae
672 713 830 794 conjungit.
872 713 930 774 Ilio
957 715 1073 776 Cassius

183 825 359 888 auctorest,
381 837 455 878 anno
477 817 633 876 Dccxvtt
647 817 797 876 Gaesarem
810 814 993 880 Octauianum
1015 832 1083 874 om-·

182 921 264 979 nibus
294 919 400 979 viribus
429 918 519 977 nisum
542 937 621 990 esse,
650 925 683 976 ut
704 916 823 978 classem
843 936 923 978 suam
943 916 1069 995 proximo

182 1041 257 1082 anno
286 1041 304 1080 a
332 1021 422 1079 beto
449 1020 586 1100 Pompeio
613 1018 750 1080 devictam
777 1017 955 1089 restitueret,
985 1025 1015 1077 et
1035 1019 1069 1077 ab

179 1121 383 1202 irruptionibus
402 1121 520 1183 victoris
542 1121 666 1192 audacis,
688 1121 736 1199 qni
758 1119 796 1179 ab
816 1119 980 1191 felicitatem
992 1139 1069 1178 suam

179 1225 305 1306 Neptuni
326 1223 401 1284 lilius
422 1243 487 1284 esse
508 1223 690 1296 credebatur,
717 1242 794 1282 oram
816 1221 916 1282 ltaliae
937 1219 1069 1282 defenda-

178 1333 233 1404 rat,
254 1327 362 1386 Nouam
384 1325 502 1386 classem
523 1325 676 1404 amandun
697 1330 727 1384 et
748 1330 859 1404 portum
872 1322 977 1385 lulium
996 1325 1066 1402 apud

177 1429 264 1508 Bajas
291 1427 464 1486 condendum
492 1426 545 1486 Lb.
574 1427 614 1497 ΙΙ,
646 1433 723 1497 161,
754 1425 784 1486 in
810 1444 881 1504 quo,
913 1425 1065 1484 monadum

177 1527 360 1598 Suetonium,
382 1546 434 1604 per
454 1533 542 1586 totam
563 1527 681 1586 hiemem
702 1527 752 1586 illa
773 1527 975 1596 exercebatur,
998 1546 1067 1586 coo-

176 1630 231 1689 suli
258 1627 448 1689 committebat
475 1647 512 1684 ex
534 1626 635 1688 Galliis
661 1635 797 1688 revocato
824 1627 987 1709 Agrippae,
1019 1629 1068 1706 qui

175 1733 239 1792 illas
259 1729 430 1790 rebellantes
451 1729 533 1790 medo
556 1730 715 1804 sedaverat,
737 1731 881 1796 decretum
897 1729 1066 1808 triumphum

175 1840 284 1896 tautum
305 1837 463 1912 promea,
485 1831 560 1909 quod
583 1831 719 1896 Caesada
736 1831 769 1896 in
787 1829 944 1898 infortunio
964 1831 1066 1891 leotari

175 1936 203 2018 ei
230 1935 378 2016 indignum
399 1931 559 2004 videbatur,
587 1933 764 2012 deprecatus.
806 1934 852 1995 Ad
872 1939 918 1992 tot
936 1933 1064 2014 negotia,

172 2037 288 2118 inipso
309 2027 386 2098 abac
406 2035 563 2098 nccxvtl
585 2033 720 2114 μοι-ἰθεῖα,
742 2035 832 2114 prima
852 2042 930 2096 cente
951 2043 1060 2097 aestate

173 2139 267 2200 redire
287 2137 415 2219 Agrippa
436 2135 545 2208 dabnltt
567 2135 708 2214 inquietas
720 2136 827 2198 Gallias
848 2142 987 2216 pacatum
1003 2137 1060 2215 jam

172 2239 303 2321 proximo
325 2237 474 2318 superbene
492 2258 566 2310 aune
577 2237 721 2300 uctxvt
733 2244 813 2301 trans
824 2239 911 2320 Alpes
926 2237 1061 2297 transisse

164 2343 318 2405 ,debuerat
361 2341 432 2401 Nam
454 2323 652 2411 nectentem,
674 2340 941 2418 appuaosuoore,
965 2340 1062 2400 Gallos

171 2445 329 2523 Aquitanos
351 2442 469 2508 uictoria
491 2442 664 2515 debellabat,
692 2461 747 2520 qua
764 2443 907 2523 jacentem
920 2441 1063 2501 'Caesaris

172 2547 266 2605 erexit
288 2544 422 2616 animo-3
444 2544 616 2616 sedetiam,
639 2545 829 2604 Romanarum
851 2544 966 2614 dueum,
989 2543 1063 2602 sicut

171 2646 227 2704 llio
249 2644 374 2722 loquitur
395 2644 550 2715 admirans,
572 2646 660 2716 alter,
681 2652 762 2704 trans
782 2645 913 2704 ,Rhenum
933 2639 1061 2714 transiit3
1189 2637 1190 2682 ἶ

169 2748 226 2807 imb
253 2752 321 2804 tuno
349 2744 498 2845 temporis,
527 2747 604 2824 quod
624 2746 728 2805 Strabo
757 2752 854 2806 narrat
875 2753 905 2804 et
926 2745 1059 2816 Tacitus,

168 2849 259 2912 Ubios
280 2848 310 2908 in
331 2847 420 2928 ripam
441 2847 583 2908 sinistram
605 2847 766 2908 traduxisse
787 2847 921 2920 ereditur,
943 2865 1062 2926 quarum
1189 2845 1190 2850 ’

168 2953 236 3011 urbs
263 2959 364 3032 postea
394 2970 446 3032 per
472 2951 533 3030 ejus
559 2957 671 3029 neptam
697 2947 882 3030 Agrippinam
904 2950 1063 3010 Romanam

169 3052 306 3112 coloniam
344 3073 501 3130 nomenque
534 3052 671 3112 Coloniae
701 3051 919 3133 Agrippinensis
956 3047 1061 3131 (bodie

167 3152 259 3236 Kato)
285 3155 406 3234 accepit.
448 3157 528 3235 Ergo
557 3155 664 3224 Gallia,
697 3153 841 3214 intestinis
868 3154 1062 3214 llo-anorum

168 3258 293 3318 excitata
306 3257 465 3328 discordiis,
489 3277 505 3316 a
516 3256 674 3332 Pyrenaeis
686 3257 721 3314 ad
735 3256 864 3317 llbenura
876 3274 975 3334 usque,
998 3275 1061 3315 cum

151 3359 261 3437 aliqua
287 3365 368 3436 parte
395 3355 625 3416 Germanicorum
653 3357 811 3418 accolarum
837 3377 917 3418 arma
943 3362 1060 3436 caparra

166 3460 196 3518 in
217 3447 374 3518 libertatem
395 3467 427 3518 aa
447 3455 616 3524 vindicatum
638 3457 693 3519 bt.
705 3459 727 3530 l,
751 3461 823 3522 609.
845 3460 943 3522 Mutua
963 3465 1058 3520 autem
