2414 3978
363 245 519 309 ECLOGA
539 243 578 316 X,
601 251 735 306 16-18.
939 257 1008 320 205

119 419 217 479 tioles!
255 437 309 478 uos
341 437 399 476 nou
433 413 628 474 reformidant.
677 414 727 472 Tu
760 433 869 492 queque
897 417 1010 479 humilio

118 540 225 601 poscere
250 540 287 580 ue
302 517 503 589 1resormides5
535 515 581 578 vel
607 515 669 594 ipsc
696 515 818 588 Adonis,
853 518 1010 580 deliciolum

119 621 239 681 Veneris
261 626 419 693 venustum,
441 639 509 681 oves
522 637 579 678 nou
591 617 762 699 dedignatus
773 625 818 678 est
830 639 957 697 pescere.
968 653 1009 668 -

121 722 299 802 Descriptio,
327 721 426 782 Gollus
448 721 587 798 quomodo
608 719 639 780 iu
660 719 785 780 Arcedie
804 728 944 800 exceptus
964 722 1011 794 sit,

119 823 265 904 praesenti
286 829 413 902 tempore
434 821 543 881 orditur
564 820 695 882 elucrior.
722 823 806 902 Apud
827 823 1013 882 Theocritum
1047 809 1056 824 ’

121 927 144 1001 l,
166 932 208 988 74
230 945 301 986 suee
322 924 410 1004 ipsius
432 924 468 982 un
488 923 638 1002 Daphnide
658 923 746 986 boves
767 925 884 1005 lugent:
921 961 924 967 ·

222 1041 292 1094 unte
307 1040 388 1109 pedes
405 1037 480 1092 multi
495 1037 564 1092 teuri
579 1041 729 1106 multaeque
741 1038 883 1106 juvencae,

223 1126 322 1178 Multee
339 1128 400 1178 sunt
416 1138 511 1178 vaccae
527 1129 634 1194 questas
650 1123 739 1176 tristes
756 1124 913 1194 vitulasque.

121 1230 215 1312 Hujus
241 1229 298 1302 loci
324 1227 498 1308 computatio
529 1225 685 1309 indligens
711 1227 881 1308 interpretes
908 1229 1015 1310 eliquot

121 1331 300 1394 recentiores
320 1331 350 1390 iu
372 1351 435 1390 eum
457 1349 584 1390 errorem
604 1329 732 1401 induxit,
758 1336 792 1390 ut
812 1331 923 1394 Gellum
945 1352 1015 1412 quo-

42 1447 43 1456 ’
122 1454 179 1514 que
206 1441 349 1513 pretorem
374 1432 543 1495 Arcadicum
576 1449 641 1492 esse
675 1432 876 1510 opinarentur3
916 1441 1014 1514 psstor

121 1553 291 1616 quemquern
310 1534 422 1616 pecoris
443 1533 653 1596 circumstantis
674 1554 703 1595 v.
727 1543 767 1597 19
788 1536 879 1606 edest,
902 1541 932 1596 et
947 1535 1015 1622 Gel-

120 1640 216 1701 lusu.
239 1642 279 1700 35
301 1655 367 1696 nou·
379 1643 491 1716 pestor,
519 1635 570 1696 sed
591 1654 620 1698 v.
641 1642 683 1698 44
711 1635 830 1698 delictor
856 1657 921 1698 esse
947 1657 1015 1715 quc-

120 1740 206 1803 ritur.
227 1740 376 1799 Pastorem
396 1728 502 1816 'quippe
523 1736 689 1800 Arcadicum
710 1756 769 1796 neu
783 1737 880 1798 Galle
902 1739 1016 1798 nomine
1092 1765 1095 1778 =

121 1840 277 1921 Virgilius,
309 1838 374 1911 sed,
411 1836 640 1914 quemedmeduur
676 1836 781 1896 dulium
809 1839 958 1897 Gueserem
986 1845 1017 1898 et
1102 1841 1104 1846 '

122 1949 214 2004 semet
240 1940 332 2019 ipsum
357 1939 387 1996 in
415 1937 513 2015 quinte
540 1937 658 2016 ecloga,
686 1936 793 1996 rustico
814 1936 1015 2000 introduxerit.
1087 1929 1092 1942 '

121 2043 278 2107 Possidet
299 2059 363 2112 m,
389 2039 471 2120 piget
496 2057 557 2108 ne,
583 2037 726 2108 detrecto,
754 2038 879 2119 despicio
901 2042 942 2113 ll,
966 2049 1017 2104 34.

123 2143 318 2206 Clementibus
340 2141 439 2207 ovibus
460 2147 560 2200 nostre
581 2159 638 2198 uon
661 2139 790 2217 displicet
805 2142 943 2216 societas3
966 2146 1019 2206 tibi

123 2265 239 2328 quoque
267 2265 304 2306 ue
325 2243 418 2305 ovium
440 2241 597 2321 displiceat.
639 2239 777 2314 llorere,
805 2243 861 2316 tui,
884 2265 901 2304 o
923 2247 1018 2318 Gelle,

84 2353 89 2366 ⁸
123 2355 156 2410 et
182 2346 250 2418 mei,
283 2344 334 2424 qui
366 2350 396 2404 te
426 2339 581 2424 (allegoria
607 2341 690 2424 usus)
723 2342 753 2402 in
778 2340 910 2408 Arcedie
931 2350 1019 2426 ,posui

123 2472 152 2513 v.
177 2455 228 2509 26.
255 2448 304 2506 Tu
326 2464 438 2524 quoque
459 2464 496 2505 ue
516 2445 599 2517 nolis,
622 2447 742 2518 dicius,
763 2446 898 2523 sublimis,
916 2456 1020 2522 putta
1045 2469 1047 2476 ·
1111 2477 1117 2490 ·

123 2551 166 2625 V,
189 2553 247 2620 45,
267 2567 391 2623 mecum,
417 2552 504 2627 po‘e‘te
523 2547 647 2618 rustico,
674 2546 751 2606 iuter
768 2567 880 2630 greges
901 2553 1019 2613 verseri.

123 2653 279 2715 Pustorum
300 2651 371 2710 ordo
393 2669 450 2711 nou
472 2650 514 2710 itu
536 2649 601 2710 olim'
623 2656 782 2714 contemtus
808 2659 890 2731 eret3
917 2654 1020 2715 heroes

124 2771 248 2835 quoque,
269 2751 333 2812 Diis
354 2749 450 2823 eunici,
473 2751 564 2830 quelis
583 2751 729 2824 Adonis,
760 2752 835 2812 inter
856 2755 925 2816 deos
946 2757 1020 2836 relu-

125 2863 184 2926 tus,
206 2854 357 2932 eliquondo
379 2853 541 2931 poscebant.
573 2852 656 2930 Apud
677 2853 863 2914 Theocritum
879 2856 1020 2916 Venerem

124 2955 256 3036 Daphnis
288 2955 326 3014 ob
358 2973 481 3013 emerem
513 2952 662 3014 cavilletur
689 2953 845 3026 Auchisee,
877 2955 964 3017 hoves
989 2959 1019 3020 iu

104 3057 287 3139 quercubus
308 3053 402 3114 ldueis
424 3053 577 3134 pesecutio,
599 3053 670 3112 hoec
690 3053 827 3133 ndjieiens
850 3057 872 3128 l,
896 3066 971 3124 109:

137 3179 140 3189 '
228 3175 321 3226 Floret
336 3169 435 3224 suone
452 3167 531 3230 enim,
548 3183 628 3237 pecus
645 3172 673 3220 et
688 3145 894 3236 assumturus,

231 3258 267 3312 Et
283 3255 342 3326 figit
358 3257 471 3325 lepores,
490 3254 554 3308 elius
571 3251 739 3322 sequiturque
754 3253 876 3310 feremur.

129 3361 246 3434 corruo
270 3381 340 3423 seue
361 3358 521 3431 eevilletio,
548 3358 756 3426 odolescentem
777 3362 840 3443 ejus
860 3361 1019 3438 florentem,

128 3471 160 3526 et
182 3483 251 3526 oves
272 3471 433 3544 poscentem
455 3461 590 3537 imbelles,
613 3461 657 3524 vel
678 3470 779 3524 contre
799 3465 911 3544 lepores
933 3470 1020 3530 eude-
