2392 3986
179 273 337 336 waben
359 279 404 338 W.
428 281 661 346 ARGUMENTl
685 287 894 354 aramum.
924 305 989 366 147

88 438 117 498 ia
147 460 180 499 se
208 441 382 517 concitasse,
417 453 519 507 nonme
551 469 624 528 quac
661 455 797 532 peculiari
828 457 923 524 libello
955 485 987 526 ae

89 539 260 602 terensem.
302 545 414 604 Tamen
437 567 463 606 a.
485 549 521 608 a.
545 551 577 610 c.
596 551 757 615 cccxxn
780 545 986 640 rogantina.

88 641 164 714 sari,
193 649 226 700 ut
252 663 347 704 sacam
374 647 410 706 ed
440 649 549 736 bellum
575 651 724 713 Actiacum
745 657 983 738 proficisceretur,

87 761 192 824 mque
205 742 298 828 animo
312 737 472 826 respondit:
495 771 568 811 mea
589 757 626 812 irs
648 753 831 820 Antonium
852 765 983 838 majora

85 847 209 902 merita
235 857 331 919 sant,
361 851 459 907 illias
488 855 524 910 im
560 873 610 914 ma
636 855 796 931 beraeficia
827 869 980 939 notiora;

85 949 204 1023 itaque
230 947 417 1006 discrimini
444 963 552 1010 cestro
582 973 632 1014 me
652 942 845 1022 monalium
866 978 902 1026 et
921 989 979 1030 ero

81 1047 217 1122 praeda
237 1050 374 1106 uictoris
396 1046 437 1130 i).
458 1090 460 1092 -

170 1179 234 1240 Non
256 1179 347 1260 igitur
368 1181 397 1242 in
416 1183 567 1244 camm-
584 1207 678 1261 amar,
701 1192 751 1251 scd
763 1193 874 1272 opinio,
897 1219 979 1278 qnam

85 1278 162 1338 tristi
185 1279 278 1338 animo
297 1282 441 1360 deposuit,
464 1283 542 1358 fora,
563 1295 595 1346 ut
617 1291 977 1368 perAntoniumCaesaris

83 1379 233 1440 Octaviani
255 1381 408 1442 dominatio
434 1386 471 1444 ad
492 1387 641 1450 utilitatem
662 1393 834 1472 reipublicae
855 1399 976 1484 refringi

81 1479 189 1558 possit,
212 1481 241 1540 id
263 1503 348 1542 unum
369 1492 446 1558 erat,
469 1485 545 1565 quod
565 1509 737 1570 generosum
759 1504 789 1556 et
809 1500 973 1577 prudentem

80 1580 240 1640 Pollionem
265 1583 301 1642 ab
334 1585 397 1664 ejus
425 1593 506 1664 parte
533 1589 655 1651 alienum
676 1594 753 1655 iecit.
797 1599 866 1658 Nam
889 1604 973 1664 ctiam
1076 1673 1078 1684 ⁴

81 1689 229 1760 postquam
251 1684 399 1750 discrimen
421 1685 526 1746 factum
549 1699 625 1765 arat,
652 1695 770 1755 victoris
790 1703 896 1776 praede
918 1725 974 1764 non

81 1783 122 1842 ita
148 1782 249 1857 tiebat,
279 1791 324 1856 nt,
352 1805 434 1864 quem
461 1790 677 1868 gratiosissimis
704 1797 753 1856 vix
775 1801 908 1860 credibile
930 1812 975 1862 est

5 1897 7 1910 ¹
80 1883 227 1965 suffragiis
253 1887 281 1944 in
308 1895 411 1946 senatu
438 1890 623 1962 excelluisse,
657 1895 726 1952 utile
755 1898 792 1956 ad
814 1903 974 1962 mutandam

78 1984 278 2064 rempublicam
295 1986 509 2064 instrumentum
531 1989 684 2052 videretur.
727 1995 771 2054 Ad
793 1997 865 2057 alios
886 2000 973 2060 bono·

78 2086 259 2146 monitans
280 2085 354 2150 savit
371 2089 520 2171 ingenium
542 2097 572 2150 et
593 2093 763 2167 doctrinam,
786 2117 867 2158 seros
888 2101 972 2164 liber·

78 2187 147 2246 tatis
169 2194 198 2246 et
224 2188 337 2248 ultimos
366 2189 491 2261 fructus,
520 2193 685 2270 tragoedias
706 2195 766 2272 ipse
789 2197 871 2272 feeit,
900 2203 970 2262 artis

76 2287 216 2367 operibus
244 2286 442 2350 bibliothecam
472 2289 555 2347 auxit
582 2298 612 2348 et
634 2294 760 2364 ornavit,
788 2299 970 2362 recitationes

75 2395 106 2448 et
116 2388 340 2448 declamationes
352 2387 490 2458 institnit,
512 2389 668 2448 aemulatus
687 2399 783 2453 orator
795 2395 970 2472 Ciceronem,

75 2490 238 2569 disputator
260 2487 425 2546 Ciceronem
448 2494 477 2546 et
495 2487 622 2560 Livium,
645 2489 882 2568 scripterrernm
905 2499 969 2560 belli

5 2613 7 2640 a
74 2589 168 2654 civilis
190 2586 302 2649 Liviam
323 2595 354 2648 et
374 2589 547 2650 Sallustium.
578 2641 581 2646 .

160 2723 193 2782 ln
228 2721 281 2781 bae
314 2722 433 2782 historia
466 2723 513 2802 qni
547 2724 610 2804 ejus
642 2724 751 2784 animus
782 2727 887 2802 luerit,
921 2733 968 2792 ubi
1067 2773 1100 2824 '.

76 2823 177 2884 andaci
212 2829 242 2882 et
275 2830 358 2882 canto
387 2824 496 2896 animo,
525 2827 600 2902 quod
632 2826 672 2884 ait
703 2827 852 2898 Horatius,
887 2833 968 2906 qnasi

75 2943 127 3004 per
150 2923 232 3005 ignes
254 2923 403 2982 incedebat
413 2925 575 3002 suppositos
590 2925 692 2996 cineri,
715 2945 753 2983 ex
774 2927 818 2984 bis
839 2930 967 2990 versibus

76 3025 178 3084 laetam
208 3043 285 3103 spem
308 3023 401 3081 animo
424 3024 623 3114 praecipientis
650 3031 751 3102 politae
773 3029 965 3106 cognoscitur,

77 3126 125 3204 qui
147 3126 271 3184 eumdem
291 3143 379 3202 saepe
400 3123 537 3194 animum,
558 3129 669 3182 nantum
687 3123 862 3196 acutioribus,
878 3131 966 3188 oculis

78 3227 267 3304 perspicuum,
288 3225 433 3315 perlucere
455 3223 538 3284 sivit:

146 3474 172 3538 a)
212 3470 301 3534 vmen
321 3472 354 3536 u,
372 3471 414 3523 so.
731 3527 752 3550 ,,
777 3509 779 3514 ,

691 3537 762 3611 so*
