2446 3972
181 221 246 286 ru
400 205 556 268 nocuas
577 205 651 280 mu,
675 207 810 266 17-20.

180 382 293 442 mlum
313 375 471 438 silcestre
492 380 671 446 macerae,
701 373 778 452 quod
798 370 935 432 Heinsius
956 372 1093 451 recepia'

183 478 392 562 depravationis
420 477 568 537 debilitate
596 497 650 534 sua
676 482 706 536 et
733 475 806 533 mato
834 493 907 534 sono
930 473 1099 555 arguitur.'

283 583 318 636 ..’.
351 621 386 632 --
419 620 454 632 -
487 619 521 632 -
556 591 671 644 oleastri
689 579 781 644 iextra
797 605 932 644 recurvam

285 679 412 732 Gestabat
428 679 541 731 clavam:
564 729 566 732 .

183 783 359 844 Theocritus
379 799 489 860 quoque
513 781 573 856 vn,
599 789 636 842 18
659 772 695 841 (ie
711 780 822 857 Lycida
843 778 913 838 dicit
933 779 1075 857 caprario.

148 949 152 955 ,
271 892 405 946 17-20.
449 884 560 942 Damon
583 903 629 942 res
651 882 728 942 canit
747 903 803 940 noo
820 899 902 952 sucu
924 879 985 950 sest,
1008 899 1075 938 cun-

182 986 333 1046 sucmuins
355 991 497 1064 pastorum
520 985 679 1044 canentium
687 975 877 1062 ,cupidinem
898 989 1004 1040 tractat
1024 981 1077 1040 tie-

182 1087 324 1166 sperantis
346 1069 489 1159 amatoris,
512 1089 593 1167 eujus
615 1085 723 1165 perfida
744 1085 839 1164 pneita
854 1084 903 1143 eiii
920 1083 1003 1141 hostie
1024 1102 1074 1142 uu·

183 1189 241 1248 bet.
283 1189 369 1247 Mane
391 1195 477 1248 uoetu
498 1207 550 1268 per
572 1207 686 1266 campos
708 1194 846 1268 sagatus,
868 1185 978 1245 uetiam
1002 1203 1076 1246 nunc

182 1290 268 1348 misor
295 1289 460 1349 matutinam
482 1290 552 1348 oriri
572 1290 660 1361 videt,
682 1309 755 1368 quae
776 1289 849 1348 diem
870 1285 979 1346 referet
1000 1285 1076 1345 sutur-

181 1411 243 1449 rum
272 1390 403 1464 amicum,
436 1398 634 1470 praeterquam
667 1391 736 1470 ipsi!
786 1391 872 1450 itanc
898 1390 953 1447 hoc
980 1387 1079 1446 oriens

181 1491 306 1570 pastoria
339 1490 400 1550 ficti
426 1511 488 1550 cum
516 1498 581 1550 orto
606 1493 666 1570 jam
694 1491 846 1552 imitatoris
880 1489 1011 1553 canentis
1040 1507 1077 1548 ue
1161 1495 1167 1506 “

181 1598 378 1650 commutetur.
422 1591 567 1666 Lecifer
593 1600 624 1652 et
652 1591 885 1672 Phosphorus,
915 1594 1006 1653 iucem
1033 1590 1075 1650 fe·

182 1711 264 1764 reus,
293 1692 387 1752 Eorta
409 1681 520 1772 qusque
543 1694 562 1754 i.
584 1715 611 1756 e.
633 1696 716 1756 steila
737 1695 887 1766 natatione,
916 1695 1013 1754 Venus
1035 1692 1075 1752 di·

182 1793 256 1880 citur
268 1786 432 1873 πλανήτης,
451 1813 533 1856 mane
545 1797 659 1874 quaudo
671 1804 737 1856 anta
749 1797 838 1856 solem
852 1796 956 1869 oritur3
974 1795 1075 1874 quodsi

182 1896 270 1955 sotem
292 1896 421 1975 sequitur
435 1897 636 1976 vespertinum,
659 1899 842 1972 Hesperus,
874 1897 1076 1975 Vesperugo,

162 1979 166 1988 ,
190 1997 323 2072 Vesper,
352 1998 558 2070 Nocturnae,
587 1997 757 2073 Noctifer,
780 1993 885 2070 αὔλιος
905 1998 969 2060 siva
989 2000 1075 2058 steila

97 2113 99 2122 ’
184 2098 345 2156 cohortalis.
390 2099 490 2156 Poetis
511 2101 636 2160 solemne
658 2108 721 2172 est,
745 2121 847 2182 vagam
870 2103 942 2160 trano
964 2102 1075 2160 stetten

184 2205 340 2269 errantem,
364 2207 530 2278 perpetuum
552 2202 719 2261 existimare
741 2209 771 2262 ct
792 2201 849 2260 diei
871 2209 901 2261 et
924 2203 1017 2261 uootis
1038 2203 1077 2261 si·

184 2300 240 2358 mut
266 2320 496 2380 praecursorem,
528 2305 603 2381 quud
630 2312 795 2382 utrumque,
830 2304 880 2362 aad
907 2304 986 2362 atiud
1014 2304 1077 2363 otiis

183 2403 356 2481 temporibus
377 2403 454 2474 anni,
476 2411 530 2463 ast.
575 2406 668 2465 Cinna
690 2406 720 2464 in
741 2404 904 2486 fragmento
920 2406 1076 2484 Smyrnae:

286 2517 328 2568 Te
345 2517 485 2570 matutinus
502 2518 608 2572 tienteur
626 2520 763 2588 conspexit
780 2520 862 2585 Eous,

284 2599 320 2650 Et
334 2599 441 2652 flantem
458 2605 536 2668 paulo
555 2604 618 2656 vidit
636 2612 695 2672 post
712 2606 846 2672 Hesperus
862 2603 942 2658 idem.

185 2699 315 2775 {Servius
346 2703 383 2760 ad
405 2704 514 2786 θοοῖς.
536 2707 565 2778 Ι,
597 2710 683 2783 ἳθΜ
729 2710 837 2769 Eode-
858 2709 942 2768 morio
964 2708 1077 2770 Statius

183 2801 278 2862 Theb.
304 2801 355 2875 vl,
385 2810 464 2866 238:

285 2935 398 2990 Roscida
412 2933 467 3002 J'am
483 2937 574 2993 novies
591 2942 665 2994 coeto
682 2939 816 2994 dimiserat
833 2947 902 2995 astra

283 3019 404 3087 Lucifer,
423 3027 450 3073 et
466 3021 574 3076 totidem
591 3026 683 3078 Lunae
700 3033 872 3094 praevenerat
887 3026 964 3091 ignes

284 3105 386 3158 Mutato
403 3105 552 3160 Nocturnus
570 3125 646 3176 equo.
656 3139 673 3150 ω

93 3268 97 3281 „
184 3205 327 3278 Senecae,
365 3214 469 3285 possae
496 3211 623 3290 tragico,
665 3211 749 3291 Hipp.
778 3217 841 3274 748
873 3213 1020 3292 Hesperum
1046 3213 1077 3273 iu

182 3307 298 3366 ticceau
319 3323 420 3364 recens
441 3307 566 3382 iuratus,
590 3321 654 3389 post
677 3313 810 3374 tcuebm
832 3314 991 3394 dispulsas,
1014 3315 1076 3375 Lu-

183 3402 255 3462 cifer
280 3401 388 3473 sactus,
414 3407 501 3478 settin
535 3418 566 3468 ct
587 3413 657 3472 ssed.
686 3420 745 3476 7⁴1
771 3414 892 3476 Lucifer
917 3416 1077 3476 mintius
