2446 3972
402 236 558 296 ECLOGA
581 237 654 312 vlit,
677 243 811 300 64-67.
988 248 1051 311 tot

70 436 74 442 -
155 401 320 465 Hatriensis
346 403 384 462 D
412 403 541 462 mendum
563 403 786 479 hebetandis,
820 412 851 466 et
872 407 903 466 C
919 403 1051 470 habebo.

66 487 69 492 ¹
156 505 267 586 Damon
290 511 438 584 postquam
461 504 616 576 cecinerat,
640 507 814 566 Graecorum
836 506 866 565 in
888 508 966 568 silvis
987 509 1052 569 tibi·

156 606 248 668 cinum
271 628 297 668 r.
322 616 359 669 21
385 606 615 666 consuetudinem
638 606 780 686 sequitur,
803 614 833 667 at
855 609 941 669 tibiae
964 610 1052 671 modis

157 717 270 769 cantum
303 707 455 767 concludit.
498 708 583 767 Prius
613 709 741 770 Deciuc
768 730 829 768 curn
856 711 1052 770 Maenalios

157 809 358 890 conjungitur3
392 810 620 887 quemadmodum
654 816 765 886 incipe
793 818 894 885 antea,
929 819 960 872 et
986 831 1052 870 max

157 914 269 972 ducite
292 929 309 969 u
331 910 462 989 proxime
481 912 717 998 subseqnentibus
738 913 888 993 excipitur.

244 1019 391 1072 62-63.
434 1012 570 1071 Damonis
596 1033 708 1092 carmen
736 1021 836 1092 poeta,
870 1014 953 1092 quala
975 1013 1002 1072 hl
1024 1012 1054 1072 in

157 1112 242 1184 Pindi
269 1113 398 1173 convalle
418 1113 499 1191 quasi
521 1114 746 1186 auscultaverat,
776 1135 828 1174 sua
849 1121 952 1195 sponte
973 1135 1054 1193 rapa-
1076 1141 1083 1161 x

158 1214 214 1287 tiit,
237 1231 350 1274 carmen
372 1223 465 1274 autern
488 1215 524 1274 ab
546 1213 735 1294 Alphesiboea
758 1209 936 1276 commiasum
955 1223 988 1275 ut
1009 1235 1055 1275 as·

158 1322 310 1391 sequatur,
334 1317 446 1376 numine
460 1317 487 1376 ei
499 1316 662 1395 adspirante
675 1336 747 1396 opus
760 1325 804 1378 est
817 1319 876 1392 vlt,
891 1316 941 1390 19,
955 1325 984 1378 et
995 1317 1056 1396 qui·

159 1417 222 1476 clem
244 1417 335 1476 Musis
356 1439 414 1476 nou
435 1419 600 1500 vulgaribus
623 1438 768 1499 agrorum,
789 1421 841 1481 sed
859 1405 1056 1482 -Pserrurbae

161 1518 302 1579 Graeciae
325 1521 463 1599 antiquae
492 1521 543 1592 VI,
575 1527 623 1580 13.
668 1520 753 1586 Quod
774 1530 907 1601 quantum
929 1521 1081 1583 Pullioni'

158 1619 313 1683 blanditum
339 1622 394 1695 sit,
421 1621 470 1700 qui
497 1621 746 1682 pharmaceutriae
771 1631 967 1706 argumentum
990 1644 1055 1704 pro·

159 1729 295 1800 posuerat
315 1741 343 1782 v.
367 1725 421 1784 11!
459 1722 538 1782 Satis
564 1723 642 1782 clare
668 1724 857 1801 Alphesiboea
885 1726 939 1786 bac
960 1745 992 1784 ra
1014 1725 1056 1785 vi·

160 1824 253 1884 cloria
274 1822 451 1894 decernitur3
474 1830 506 1880 ut
528 1822 679 1882 curiosiori
700 1823 805 1891 iudicia
826 1844 912 1902 parce
933 1825 1056 1884 interso-

159 1944 232 1984 nana
254 1923 283 1982 in
305 1921 363 1982 line
384 1928 470 2000 poeta
491 1941 523 1981 se
544 1921 719 1993 subducere,
752 1928 896 2001 totumque
917 1930 1057 2001 pabmac

160 2023 311 2104 principali
331 2022 453 2104 negotio
473 2020 782 2084 Plrarmuceutrs'am
796 2025 941 2104 appellare
956 2030 1057 2104 patue-

160 2126 208 2187 rit.
252 2125 453 2197 Proverbium,
486 2125 561 2184 Non
593 2131 703 2188 assuta
732 2143 909 2200 pascamur
937 2146 1055 2199 omncs,

161 2227 224 2307 ipse
245 2227 407 2286 Macrobius
428 2229 503 2286 Sat.
526 2228 580 2296 vl,
610 2235 626 2290 1
651 2228 726 2305 apud
747 2228 903 2300 Lucilium,
934 2229 1058 2288 vocabu·

160 2329 198 2386 lis
230 2327 313 2405 paulo
342 2326 406 2398 aljis
433 2328 507 2406 apud
535 2328 663 2386 Graecos
689 2328 824 2386 Erasmus
846 2329 1058 2401 animadvertit3
1162 2407 1163 2410 Ἴ

163 2445 250 2508 supra
271 2446 383 2506 quoquc
405 2428 466 2499 llll,
488 2435 539 2501 23,
561 2427 637 2506 quod
657 2427 688 2488 in
709 2428 866 2507 proverbiis
888 2427 952 2488 lieri
973 2428 1057 2500 solet,

163 2529 261 2609 paucis
282 2529 454 2590 immutatum
475 2529 670 2590 adhibebatur.

250 2637 385 2694 61-67.
428 2632 579 2694 Thessala
598 2630 658 2692 filia
678 2631 786 2692 rustica
807 2632 916 2694 artibus
938 2632 1058 2715 magicis

163 2731 300 2814 pertidum
333 2741 487 2797 amatorem
520 2754 601 2796 suum
628 2733 707 2814 cupit
731 2737 886 2796 retrabere.
929 2737 962 2794 ln
992 2734 1057 2794 aula

163 2845 281 2916 propter
307 2857 386 2896 oraru
412 2844 492 2896 stans
517 2837 691 2914 Amaryllida
717 2836 822 2896 sociam
853 2817 992 2914 appellati
1025 2841 1059 2894 nt
1100 2875 1108 2888 ·

163 2936 327 3000 necessaria
348 2937 385 2996 ad
405 2957 489 2998 sacra
510 2937 660 3016 magica-c
681 2937 764 2996 domo
786 2935 896 2994 efferat.
909 2967 951 2980 --
963 2935 1058 2996 Thes·
1166 2931 1173 2938 ’

164 3029 253 3102 salam
275 3059 336 3108 earu
358 3057 423 3098 essa
444 3057 631 3118 auguramur:
655 3034 787 3114 quoniam
809 3041 912 3114 mena
932 3037 1058 3096 cammit-

166 3149 259 3204 tentes
286 3141 322 3202 de
343 3139 497 3201 domestica
518 3138 580 3200 fere
597 3137 772 3218 potissimum
795 3139 890 3219 nagia
911 3139 1058 3220 cogitare·

30 3252 38 3268 “
150 3244 241 3318 rint,
274 3248 318 3316 et,
349 3243 374 3302 si
397 3261 480 3304 secus
502 3248 594 3313 esset,
622 3243 716 3322 patria
736 3240 890 3312 declarari,
906 3247 942 3304 ‚et
963 3240 1059 3298 Thes·
1126 3313 1131 3318 ἱ

166 3345 270 3416 saliae,
301 3345 415 3427 magiae
442 3344 566 3424 peritae,
597 3363 624 3403 v.
653 3350 691 3403 71
721 3349 751 3402 et
773 3347 812 3404 95
835 3341 928 3400 obitur
943 3339 1059 3421 ‚quidam

164 3443 270 3508 mentio
290 3444 355 3507 fieri
376 3427 514 3510 debuerit.
557 3441 702 3526 Magicum
729 3444 838 3523 ipsun,
869 3442 945 3586 pund
965 3441 1059 3501 Pallia
