2446 3972
383 244 538 318 ucuoa'n
559 257 606 331 vl,
627 265 773 320 “ra-en.
975 233 1023 328 gn

139 427 267 487 Athenas
286 424 430 506 profectas
451 433 510 498 est,
542 427 709 504 Procneqne
732 445 794 485 enm
814 425 964 504 permovit,
989 431 1024 484 nt
1090 415 1092 427 '

139 529 320 588 Philomelam
335 529 401 588 inde
417 547 511 588 meum
527 548 653 587 sororem
670 528 831 587 adduceret.
874 529 905 584 ln
921 527 1022 586 itinere

141 649 201 690 eam
221 631 346 702 vitiavit,
368 637 398 689 et
418 630 561 711 linguam,
583 649 619 688 ne
640 628 749 690 faciens
766 629 856 708 palam
877 627 1023 699 herenei

140 734 278 792 exsecuit.
325 732 428 790 ‘Palam
449 738 551 790 texens
572 733 600 790 id
621 731 775 791 Philomela
790 729 895 790 'sorori
915 727 1023 810 patefe-

139 834 195 907 nit;
215 854 270 913 qno
292 832 369 893 saeta
390 840 527 914 utraque,
548 840 580 892 ut
600 853 633 892 sa
651 833 862 904 ulciscerentur,
883 834 948 911 ltyn
966 851 1024 890 ma·

139 943 243 995 etatum
265 935 338 1015 patri
362 935 423 994 eiho
440 941 640 1014 apposnerunt.
683 937 711 992 ls
730 953 793 1007 eas,
816 934 940 1014 cognitis
959 933 1023 992 reli·

138 1037 225 1116 quiin,
248 1055 330 1116 quum
352 1036 410 1095 telo
433 1043 662 1116 persequeretur,
692 1035 897 1094 miserationem
916 1035 984 1094 illae
1005 1054 1023 1094 a

137 1139 202 1197 Diis
227 1145 380 1217 precatae,
406 1157 503 1196 omnes
528 1143 656 1196 mutatae·
680 1144 755 1196 sunt.
797 1137 940 1208 Procne,
972 1139 1023 1196 lac·

137 1243 249 1299 aetola
265 1237 358 1310 laeta,
378 1239 407 1297 in
424 1239 510 1300 silvas
528 1239 673 1310 avolabat,
695 1239 755 1318 lep
771 1239 922 1311 miserans3
943 1236 1022 1299 Pte·-

84 1417 86 1426 .
138 1343 275 1413 lomela,
310 1341 461 1400 domestice
482 1341 615 1412 hirundo,
648 1335 728 1399 eurio
750 1341 887 1412 stridore,
917 1341 952 1400 oh
975 1342 1023 1400 de·
1062 1393 1065 1406 ,

138 1448 294 1502 truncatam
307 1443 443 1525 linguan,
467 1443 573 1502 Tereo
583 1425 734 1522 ’pipilahat'3
756 1449 786 1502 et
797 1445 928 1516 Terens,
939 1443 1022 1502 etiarn

139 1563 222 1622 qnam
242 1565 330 1625 epops
349 1549 443 1617 esset,
472 1545 525 1604 Po
546 1545 606 1605 sive
627 1545 681 1604 Ubi
703 1545 855 1623 exquirens
876 1546 1023 1604 clamabat.

141 1646 265 1705 Hesiodo
284 1654 400 1706 auctore
417 1643 553 1727 perpetua
568 1646 706 1704 insomnia
720 1646 838 1705 luscinia
853 1645 950 1725 punite
969 1654 1022 1722 est,

138 1766 210 1826 quae
232 1747 349 1807 Graecis
370 1747 399 1806 in
421 1747 597 1830 proverbium
619 1747 712 1818 vanit3
741 1747 876 1820 hirundo,
909 1756 1023 1828 propter

136 1849 226 1907 levius
247 1848 365 1919 crimen,
398 1845 670 1906 semisomnisl'aeta
691 1852 744 1906 est.
788 1849 926 1928 Gorgias,
949 1850 1024 1927 qnod
1069 1839 1074 1854 “

135 1949 304 2008 Aristoteles
321 1949 404 2008 unet
415 1949 465 2021 ΙΙΙ,
481 1958 498 2010 3
516 1953 622 2019 narrat,
639 1967 722 2026 qnam
739 1949 774 2007 ah
789 1949 938 2010 hirundine
953 1970 1023 2008 eon·
1128 1956 1132 1968 '

132 2039 284 2130 jiaeretur:
306 2050 454 2130 Turpiter,
470 2049 623 2128 inquiebat,
640 2050 736 2131 egisti,
754 2051 921 2112 Philomela!
944 2053 1024 2114 llane

137 2151 262 2210 Atticam
279 2150 396 2223 fabulae
413 2150 545 2224 formam,
574 2133 664 2231 pauca
685 2153 877 2225 immutantes,
906 2157 1023 2234 Apollo-

138 2253 233 2326 dorus,
251 2240 364 2324 Varro]
378 2253 550 2325 Pausanias,
571 2240 762 2334 A'nthologia,
784 2255 918 2326 Nonaus,
940 2275 1024 2316 enar·

136 2360 248 2414 ratores
270 2361 459 2432 spectatarum
480 2352 636 2412 fabularum
654 2362 682 2412 et
693 2354 819 2413 'l'zetzes
837 2355 1022 2414 retinuerunt.

135 2455 231 2534 Aliqui
252 2453 425 2519 recentiores
449 2461 540 2538 tamen
561 2455 713 2516 servabant
734 2457 843 2534 quidem
868 2457 1022 2530 historiam,

137 2556 188 2616 sed
210 2561 366 2635 permutato
388 2557 533 2636 utriusque
554 2557 661 2616 sororis
684 2558 809 2618 nomine:
832 2559 872 2618 ita
893 2566 925 2618 ut
944 2558 1022 2621 Pla·-
1073 2541 1083 2552 ”

135 2655 270 2730 domolo,
301 2657 392 2738 Terei
414 2677 500 2731 uxor,
530 2661 692 2735 walnen,
724 2667 754 2720 et
773 2662 873 2722 vitiata
893 2662 1022 2724 Procne

136 2757 278 2820 hirundo
294 2758 384 2820 lieret.
416 2763 494 2821 llaec
508 2749 637 2841 exempla
648 2764 812 2824 llustathius
824 2765 926 2842 lldyss.
939 2765 1021 2838 XlX,

138 2867 199 2923 518
222 2860 362 2938 seqnitur,
390 2872 585 2942 praeterquam
608 2865 682 2942 quod
703 2872 888 2942 postremum,
920 2867 1022 2924 enimet

138 2964 198 3042 lpse
218 2963 337 3033 oblitus,
360 2981 397 3020 ex
414 2965 571 3042 antiquiore
585 2962 747 3024 narratione
765 2967 955 3048 repugnantia
970 2987 1022 3028 no·

137 3065 211 3123 mina
227 3061 319 3124 effert.
368 3064 445 3124 llaee
462 3064 597 3146 Virgilius
619 3085 730 3144 qnoque
746 3067 839 3128 athie
856 3077 886 3128 et
900 3069 954 3129 Lh.
972 3071 1021 3145 ΙΙΙ,

139 3171 177 3228 15
200 3173 229 3226 et
251 3171 309 3228 511
332 3166 472 3244 sequitur,
491 3168 541 3227 ubi
561 3165 688 3228 Procne
708 3165 867 3244 hirundo,
892 3180 920 3232 et
941 3169 1021 3232 Pha·-

135 3269 257 3327 lourela
283 3265 427 3328 hariolo
444 3275 501 3342 est,
530 3271 599 3329 haee
614 3271 766 3330 Petronius
785 3291 910 3354 quoqne,
936 3260 1025 3355 poeta

136 3369 261 3441 Aetnae,
295 3370 353 3429 alii.
395 3371 473 3432 llaee
494 3372 589 3451 opinio
615 3373 690 3434 inter
710 3377 867 3448 Romanos,
901 3378 948 3456 qni
969 3399 1021 3439 nn·

137 3487 200 3529 men
221 3471 393 3533 Philomelae
409 3472 537 3535 *femmae
564 3475 599 3536 de
620 3477 831 3538 eantneamiea
851 3478 1019 3560 interpreta-
