2446 3972
379 211 534 273 eunoun
555 167 616 284 vn,
639 219 802 275 or-cr..
976 223 1025 286 95

134 383 246 444 doctior
279 378 358 464 (num
390 360 540 444 Theocriti
576 381 687 461 quidem
720 383 860 457 Jupiter
883 387 1025 458 pluviae

134 486 220 546 mittit
235 493 341 545 tantum
358 485 492 564 pluriam)
516 485 634 543 ridicule
656 484 821 543 adhibetur:
845 485 954 562 Phyllis
975 487 1034 566 ad·¹
1078 531 1081 536 ·

135 594 194 661 est,
217 595 246 646 et
267 588 395 667 Jupiter,
418 587 500 665 quasi
520 587 621 647 Densi.3
643 583 738 697 aliqua
760 607 823 646 eum
845 587 960 658 alliciat,
982 595 1024 646 to·
1081 631 1087 642 ,

135 691 184 748 nul
205 710 238 749 se
260 690 357 769 dejicit
379 689 481 768 pluvia.

220 789 506 852 61-64.1rii
539 811 607 850 suno
642 791 697 850 sihi
724 790 841 850 arbores
871 789 1027 871 eligebant,

133 893 245 972 Phyllis
279 893 414 970 corylum.
480 893 545 970 lpsa
579 900 686 952 tantum
727 899 757 951 et
787 899 898 952 amator
923 892 1028 965 sciunt,

123 995 324 1074 ¹quomobrem.
388 993 501 1052 Exinde
539 994 659 1053 amntori
698 995 813 1072 corylus
847 1015 904 1052 noo
937 993 1050 1058 minus,

133 1105 237 1155 sancto
263 1103 322 1166 est,
357 1114 438 1173 quam
467 1095 511 1154 dei
539 1096 633 1155 arlmr.
654 1125 697 1141 -
718 1094 883 1167 Arbores,
918 1096 1029 1166 Plinius

134 1196 242 1276 inquit,
265 1197 368 1276 templo
388 1195 469 1256 fuere
493 1198 647 1267 numinum,
675 1196 825 1276 priscoque
847 1197 903 1255 ritu
925 1195 1030 1274 simpli·

133 1299 182 1359 cio
208 1318 276 1357 rure
302 1294 386 1358 etiam
416 1319 491 1358 nunc
512 1299 575 1358 Deo
599 1298 815 1378 praecellentem
838 1298 966 1357 arborem
989 1297 1031 1357 ‹li-
1082 1359 1085 1364 ,

132 1389 217 1470 cant,
250 1401 381 1460 urlorurn
409 1420 522 1480 quoque
543 1420 653 1482 genera
675 1400 833 1460 numinibus
855 1401 919 1460 suis.
937 1400 1031 1460 (licrrta

135 1511 274 1582 perpetuo
296 1510 461 1564 serrantur:
485 1513 517 1562 ut
538 1502 604 1564 lovi
627 1504 753 1573 esculus,
776 1504 900 1582 Apollini
922 1505 1030 1575 laurus,

134 1605 282 1666 Minervae
304 1606 383 1676 olea,
407 1605 509 1664 Veneri
531 1614 655 1684 myrtus,
678 1605 793 1664 Herculi
816 1606 934 1685 populus
955 1605 1029 1664 Plio.

66 1755 70 1759 .
135 1707 211 1778 Xll,
249 1716 263 1767 1
312 1727 335 1766 s.
370 1715 399 1767 2.
444 1705 610 1786 Populum
637 1708 748 1766 allam
775 1707 942 1767 Herculeo
965 1701 1030 1768 ¹siue

134 1808 252 1868 Alcides
283 1805 367 1888 (evus
399 1815 461 1865 erut
487 1808 625 1887 Alcaeus)
657 1808 692 1866 nl>
721 1808 883 1866 Acheronte
911 1806 1029 1878 ferebat,

134 1931 221 1990 quum
251 1929 286 1968 eu
315 1915 469 1966 coronatus
491 1908 647 1966 Cerberum
669 1909 862 1986 pertraheret3
890 1906 951 1985 ipse
973 1907 1031 1964 llo·

125 2031 234 2073 ·merus
256 2006 409 2092 ἀχερωίδα
431 2029 492 2068 eam
515 2010 647 2089 appellat.
692 2009 761 2067 lade
783 2007 878 2080 fiebat,
901 2015 934 2066 ut
955 2007 1032 2068 viros

134 2112 310 2194 pervicaces,
333 2112 442 2190 qurilem
464 2112 608 2172 Teucrum
631 2112 659 2171 iu
682 2111 792 2171 Horatii
812 2112 835 2170 l.
858 2113 904 2170 od.
927 2120 957 2186 7,
982 2119 1032 2183 23,
1071 2194 1074 2202 -
1128 2117 1130 2121 ’

136 2222 177 2274 et
191 2215 314 2295 juvenes
341 2224 494 2274 coronaret
514 2215 543 2272 in
566 2215 743 2292 Gymnasiis,
776 2233 893 2291 quorum
916 2232 1033 2292 praeses

137 2317 278 2376 Hercules
301 2325 365 2374 crat
386 2316 414 2373 in
437 2315 547 2373 seriore
561 2315 746 2393 antiquitate,
768 2315 894 2372 Tlreocr.
908 2314 942 2384 ll,
958 2321 1031 2373 1212

242 2433 341 2492 Remos
359 2432 503 2498 populeos,
521 2429 625 2484 Alcidae
643 2445 766 2496 germen,
784 2428 905 2494 lralrebat,
920 2428 946 2494 s)

241 2514 370 2581 Purpurei
387 2514 447 2566 norli
465 2515 627 2580 stringebant
643 2523 711 2567 serta
729 2530 850 2568 coronae.

135 2617 280 2680 Hercules
315 2617 390 2698 ipse,
428 2620 502 2699 quod
535 2621 735 2680 Tertullianus
766 2619 871 2693 refert,
903 2617 1032 2678 frondem

134 2719 223 2783 molo
252 2722 399 2800 populeum
422 2722 449 2780 in
473 2723 579 2784 vertice
600 2723 735 2804 gerebat,
764 2724 846 2782 morlo
869 2722 1032 2800 oleastrum,
1072 2757 1079 2766 -

137 2805 223 2884 alodo
254 2823 357 2902 apium.
405 2822 540 2884 Baecleo
569 2827 629 2885 sive
650 2821 774 2884 Iacclco
802 2832 916 2903 proeter
936 2827 1033 2880 uirens

139 2925 249 2984 laedere
280 2943 392 3003 quoque
421 2946 504 2986 sciero
530 2934 602 2984 eret.
655 2928 791 3004 Myrtus
826 2923 941 2985 Veneri
968 2928 1034 3002 post

98 3021 104 3026 ’
138 3027 294 3086 Hesiodum
323 3027 452 3098 tandem,
480 3028 562 3106 pluro
584 3027 709 3107 iusignia
731 3045 814 3104 quum
836 3045 883 3084 urs
904 3023 1033 3108 fingendi

138 3124 333 3200 desiileraret‚
361 3127 475 3208 propria
501 3126 578 3187 lacte
606 3147 670 3188 esso
691 3129 816 3202 videtur,
845 3134 950 3189 marie
972 3127 1031 3188 for·

138 3259 345 3272 ...ι-ψ

211 3309 237 3374 l
275 3311 314 3362 nd
333 3311 435 3364 Graeca
452 3313 532 3363 verba
549 3310 677 3378 pressius.

244 3381 354 3458 Populum
370 3381 405 3430 ml
421 3387 496 3444 cupiit
513 3380 573 3432 allo
589 3381 648 3448 solt,
666 3397 743 3436 sucro
760 3383 876 3434 Heraclia
893 3380 971 3440 orbor

137 3445 190 3502 secl
207 3446 265 3513 quir
282 3449 335 3500 talc
351 3447 413 3516 quid
429 3445 517 3500 leret?
