<?xml version="1.0" encoding="UTF-8"?>
<!DOCTYPE html PUBLIC "-//W3C//DTD XHTML 1.0 Transitional//EN"
    "http://www.w3.org/TR/xhtml1/DTD/xhtml1-transitional.dtd">
<html xmlns="http://www.w3.org/1999/xhtml" xml:lang="en" lang="en">
 <head>
  <title>
</title>
<meta http-equiv="Content-Type" content="text/html;charset=utf-8" />
  <meta name='ocr-system' content='tesseract 3.04.00' />
  <meta name='ocr-capabilities' content='ocr_page ocr_carea ocr_par ocr_line ocrx_word'/>
</head>
<body>
  <div class='ocr_page' id='page_1' title='image "./johannishenrici00reingoog/johannishenrici00reingoog_0424.png"; bbox 0 0 2414 3978; ppageno 0'>
   <div class='ocr_carea' id='block_1_1' title="bbox 160 225 806 325">
    <p class='ocr_par' dir='ltr' id='par_1_1' title="bbox 160 225 806 325">
     <span class='ocr_line' id='line_1_1' title="bbox 160 225 806 325; baseline -0.054 1"><span class='ocrx_word' id='word_1_1' title='bbox 160 257 228 325; x_wconf 83' lang='lat' dir='ltr'><strong>roo</strong></span> <span class='ocrx_word' id='word_1_2' title='bbox 402 236 558 301; x_wconf 76' lang='lat' dir='ltr'><strong>renone</strong></span> <span class='ocrx_word' id='word_1_3' title='bbox 578 231 636 308; x_wconf 83' lang='lat' dir='ltr'><strong>rx,</strong></span> <span class='ocrx_word' id='word_1_4' title='bbox 658 225 806 305; x_wconf 62' lang='lat' dir='ltr'><strong>ar-n„</strong></span> 
     </span>
    </p>
   </div>
   <div class='ocr_carea' id='block_1_2' title="bbox 157 391 1147 1598">
    <p class='ocr_par' dir='ltr' id='par_1_2' title="bbox 159 391 1052 683">
     <span class='ocr_line' id='line_1_2' title="bbox 160 391 1052 497; baseline -0.031 -20"><span class='ocrx_word' id='word_1_5' title='bbox 160 415 291 497; x_wconf 84' lang='lat' dir='ltr'><strong>qnoniam</strong></span> <span class='ocrx_word' id='word_1_6' title='bbox 321 407 444 471; x_wconf 87' lang='lat' dir='ltr'><strong>naturali</strong></span> <span class='ocrx_word' id='word_1_7' title='bbox 472 404 573 466; x_wconf 90' lang='lat' dir='ltr'><strong>ordine</strong></span> <span class='ocrx_word' id='word_1_8' title='bbox 599 419 711 464; x_wconf 76' lang='lat' dir='ltr'><strong>nereum</strong></span> <span class='ocrx_word' id='word_1_9' title='bbox 732 429 774 446; x_wconf 90' lang='lat'>-</span> <span class='ocrx_word' id='word_1_10' title='bbox 795 399 920 457; x_wconf 61' lang='lat' dir='ltr'><strong>sarcit,</strong></span> <span class='ocrx_word' id='word_1_11' title='bbox 956 391 1052 474; x_wconf 74' lang='lat' dir='ltr'><strong>Virgi-</strong></span> 
     </span>
     <span class='ocr_line' id='line_1_3' title="bbox 159 493 1052 596; baseline -0.027 -19"><span class='ocrx_word' id='word_1_12' title='bbox 159 517 214 577; x_wconf 85' lang='lat' dir='ltr'><strong>liua</strong></span> <span class='ocrx_word' id='word_1_13' title='bbox 240 513 336 596; x_wconf 79' lang='lat' dir='ltr'><strong>prisca</strong></span> <span class='ocrx_word' id='word_1_14' title='bbox 360 510 474 570; x_wconf 87' lang='lat' dir='ltr'><strong>ratione</strong></span> <span class='ocrx_word' id='word_1_15' title='bbox 500 505 589 569; x_wconf 82' lang='lat' dir='ltr'><strong>verba</strong></span> <span class='ocrx_word' id='word_1_16' title='bbox 616 498 805 580; x_wconf 74' lang='lat' dir='ltr'><strong>transposuit,</strong></span> <span class='ocrx_word' id='word_1_17' title='bbox 839 496 924 576; x_wconf 86' lang='lat' dir='ltr'><strong>quale</strong></span> <span class='ocrx_word' id='word_1_18' title='bbox 945 493 1052 554; x_wconf 87' lang='lat' dir='ltr'><strong>Ennia·</strong></span> 
     </span>
     <span class='ocr_line' id='line_1_4' title="bbox 159 599 889 683; baseline -0.026 -4"><span class='ocrx_word' id='word_1_19' title='bbox 159 637 226 678; x_wconf 91' lang='lat' dir='ltr'><strong>num</strong></span> <span class='ocrx_word' id='word_1_20' title='bbox 245 615 332 676; x_wconf 73' lang='lat' dir='ltr'><strong>illude</strong></span> <span class='ocrx_word' id='word_1_21' title='bbox 359 613 453 672; x_wconf 81' lang='lat' dir='ltr'><strong>colat</strong></span> <span class='ocrx_word' id='word_1_22' title='bbox 471 625 574 683; x_wconf 75' lang='lat' dir='ltr'><strong>cuper</strong></span> <span class='ocrx_word' id='word_1_23' title='bbox 593 611 734 682; x_wconf 68' lang='lat' dir='ltr'><strong>impetur</strong></span> <span class='ocrx_word' id='word_1_24' title='bbox 756 599 889 660; x_wconf 76' lang='lat' dir='ltr'><strong>undae..</strong></span> 
     </span>
    </p>

    <p class='ocr_par' dir='ltr' id='par_1_3' title="bbox 157 693 1147 1598">
     <span class='ocr_line' id='line_1_5' title="bbox 204 693 1052 779; baseline -0.033 2"><span class='ocrx_word' id='word_1_25' title='bbox 204 739 208 748; x_wconf 92' lang='lat'>·</span> <span class='ocrx_word' id='word_1_26' title='bbox 245 720 382 779; x_wconf 75' lang='lat' dir='ltr'><strong>at-ta.</strong></span> <span class='ocrx_word' id='word_1_27' title='bbox 424 708 531 772; x_wconf 83' lang='lat' dir='ltr'><strong>hlcerie</strong></span> <span class='ocrx_word' id='word_1_28' title='bbox 553 707 630 768; x_wconf 90' lang='lat' dir='ltr'><strong>aliud</strong></span> <span class='ocrx_word' id='word_1_29' title='bbox 651 721 764 766; x_wconf 86' lang='lat' dir='ltr'><strong>carmen</strong></span> <span class='ocrx_word' id='word_1_30' title='bbox 785 696 891 760; x_wconf 78' lang='lat' dir='ltr'><strong>domini</strong></span> <span class='ocrx_word' id='word_1_31' title='bbox 906 695 953 756; x_wconf 83' lang='lat' dir='ltr'><strong>aui</strong></span> <span class='ocrx_word' id='word_1_32' title='bbox 967 693 1052 754; x_wconf 85' lang='lat' dir='ltr'><strong>rami·</strong></span> 
     </span>
     <span class='ocr_line' id='line_1_6' title="bbox 159 791 1147 892; baseline -0.027 -14"><span class='ocrx_word' id='word_1_33' title='bbox 159 817 294 890; x_wconf 77' lang='lat' dir='ltr'><strong>uincitur,</strong></span> <span class='ocrx_word' id='word_1_34' title='bbox 337 833 376 875; x_wconf 86' lang='lat' dir='ltr'><strong>ex</strong></span> <span class='ocrx_word' id='word_1_35' title='bbox 413 830 469 892; x_wconf 89' lang='lat' dir='ltr'><strong>quo</strong></span> <span class='ocrx_word' id='word_1_36' title='bbox 506 805 707 888; x_wconf 86' lang='lat' dir='ltr'><strong>alloquutionin</strong></span> <span class='ocrx_word' id='word_1_37' title='bbox 740 801 853 864; x_wconf 87' lang='lat' dir='ltr'><strong>tandem</strong></span> <span class='ocrx_word' id='word_1_38' title='bbox 884 794 1051 877; x_wconf 77' lang='lat' dir='ltr'>Polyphemi</span> <span class='ocrx_word' id='word_1_39' title='bbox 1141 791 1147 794; x_wconf 76' lang='grc'><strong>’</strong></span> 
     </span>
     <span class='ocr_line' id='line_1_7' title="bbox 160 898 1050 980; baseline -0.028 0"><span class='ocrx_word' id='word_1_40' title='bbox 160 917 282 980; x_wconf 69' lang='lat' dir='ltr'><strong>nuntie</strong></span> <span class='ocrx_word' id='word_1_41' title='bbox 309 917 347 976; x_wconf 90' lang='lat' dir='ltr'><strong>ad</strong></span> <span class='ocrx_word' id='word_1_42' title='bbox 373 914 522 974; x_wconf 73' lang='lat' dir='ltr'><strong>Galateam</strong></span> <span class='ocrx_word' id='word_1_43' title='bbox 547 909 671 970; x_wconf 86' lang='lat' dir='ltr'><strong>Nereida</strong></span> <span class='ocrx_word' id='word_1_44' title='bbox 699 906 764 977; x_wconf 84' lang='lat' dir='ltr'><strong>vlt,</strong></span> <span class='ocrx_word' id='word_1_45' title='bbox 804 909 846 970; x_wconf 78' lang='lat'><strong>37</strong></span> <span class='ocrx_word' id='word_1_46' title='bbox 871 898 1050 968; x_wconf 72' lang='lat' dir='ltr'><strong>recordatur,</strong></span> 
     </span>
     <span class='ocr_line' id='line_1_8' title="bbox 157 997 1049 1101; baseline -0.026 -20"><span class='ocrx_word' id='word_1_47' title='bbox 157 1040 231 1101; x_wconf 89' lang='lat' dir='ltr'><strong>quac</strong></span> <span class='ocrx_word' id='word_1_48' title='bbox 258 1025 288 1079; x_wconf 89' lang='lat' dir='ltr'><strong>et</strong></span> <span class='ocrx_word' id='word_1_49' title='bbox 315 1017 379 1096; x_wconf 75' lang='lat' dir='ltr'><strong>ipra</strong></span> <span class='ocrx_word' id='word_1_50' title='bbox 404 1013 525 1074; x_wconf 75' lang='lat' dir='ltr'><strong>imitatio</strong></span> <span class='ocrx_word' id='word_1_51' title='bbox 554 1018 600 1072; x_wconf 84' lang='lat' dir='ltr'><strong>ent</strong></span> <span class='ocrx_word' id='word_1_52' title='bbox 628 1010 687 1070; x_wconf 89' lang='lat' dir='ltr'><strong>alte</strong></span> <span class='ocrx_word' id='word_1_53' title='bbox 713 1028 731 1068; x_wconf 89' lang='lat' dir='ltr'><strong>u</strong></span> <span class='ocrx_word' id='word_1_54' title='bbox 759 999 919 1064; x_wconf 74' lang='lat' dir='ltr'><strong>Theocrito</strong></span> <span class='ocrx_word' id='word_1_55' title='bbox 950 997 1049 1078; x_wconf 78' lang='lat' dir='ltr'><strong>petila.</strong></span> 
     </span>
     <span class='ocr_line' id='line_1_9' title="bbox 158 1100 1049 1187; baseline -0.03 -4"><span class='ocrx_word' id='word_1_56' title='bbox 158 1123 235 1182; x_wconf 74' lang='lat' dir='ltr'><strong>&#39;Pam</strong></span> <span class='ocrx_word' id='word_1_57' title='bbox 267 1119 378 1182; x_wconf 79' lang='lat' dir='ltr'><strong>reobtle</strong></span> <span class='ocrx_word' id='word_1_58' title='bbox 407 1135 556 1186; x_wconf 61' lang='lat' dir='ltr'><strong>carmen,</strong></span> <span class='ocrx_word' id='word_1_59' title='bbox 592 1116 683 1172; x_wconf 88' lang='lat' dir='ltr'><strong>eemet</strong></span> <span class='ocrx_word' id='word_1_60' title='bbox 710 1107 803 1187; x_wconf 88' lang='lat' dir='ltr'><strong>inquit</strong></span> <span class='ocrx_word' id='word_1_61' title='bbox 829 1100 1049 1184; x_wconf 71' lang='lat' dir='ltr'><strong>repudiandam,</strong></span> 
     </span>
     <span class='ocr_line' id='line_1_10' title="bbox 158 1201 1049 1302; baseline -0.028 -19"><span class='ocrx_word' id='word_1_62' title='bbox 158 1243 210 1302; x_wconf 83' lang='lat' dir='ltr'><strong>per</strong></span> <span class='ocrx_word' id='word_1_63' title='bbox 245 1226 323 1292; x_wconf 88' lang='lat' dir='ltr'><strong>erat,</strong></span> <span class='ocrx_word' id='word_1_64' title='bbox 369 1238 414 1280; x_wconf 88' lang='lat' dir='ltr'><strong>me</strong></span> <span class='ocrx_word' id='word_1_65' title='bbox 452 1235 510 1276; x_wconf 92' lang='lat' dir='ltr'><strong>uon</strong></span> <span class='ocrx_word' id='word_1_66' title='bbox 549 1211 688 1274; x_wconf 80' lang='lat' dir='ltr'><strong>ohliviaoi!</strong></span> <span class='ocrx_word' id='word_1_67' title='bbox 746 1208 830 1288; x_wconf 76' lang='lat' dir='ltr'><strong>Apud</strong></span> <span class='ocrx_word' id='word_1_68' title='bbox 863 1201 1049 1264; x_wconf 75' lang='lat' dir='ltr'><strong>Theocritum</strong></span> 
     </span>
     <span class='ocr_line' id='line_1_11' title="bbox 157 1306 1050 1401; baseline -0.024 -18"><span class='ocrx_word' id='word_1_69' title='bbox 157 1322 217 1395; x_wconf 69' lang='grc' dir='ltr'><strong>ΣΙ,</strong></span> <span class='ocrx_word' id='word_1_70' title='bbox 237 1327 279 1382; x_wconf 81' lang='lat'><strong>42</strong></span> <span class='ocrx_word' id='word_1_71' title='bbox 296 1318 411 1401; x_wconf 83' lang='lat' dir='ltr'><strong>jurenin</strong></span> <span class='ocrx_word' id='word_1_72' title='bbox 433 1306 563 1398; x_wconf 75' lang='lat' dir='ltr'><strong>cyclope,</strong></span> <span class='ocrx_word' id='word_1_73' title='bbox 585 1316 649 1374; x_wconf 90' lang='lat' dir='ltr'><strong>dnm</strong></span> <span class='ocrx_word' id='word_1_74' title='bbox 670 1311 813 1393; x_wconf 84' lang='lat' dir='ltr'><strong>proccllae</strong></span> <span class='ocrx_word' id='word_1_75' title='bbox 833 1311 909 1378; x_wconf 84' lang='lat' dir='ltr'><strong>aunt,</strong></span> <span class='ocrx_word' id='word_1_76' title='bbox 930 1320 1050 1384; x_wconf 78' lang='lat' dir='ltr'><strong>vespere</strong></span> 
     </span>
     <span class='ocr_line' id='line_1_12' title="bbox 157 1401 1063 1499; baseline -0.024 -16"><span class='ocrx_word' id='word_1_77' title='bbox 157 1420 328 1484; x_wconf 84' lang='lat' dir='ltr'><strong>auctumneli</strong></span> <span class='ocrx_word' id='word_1_78' title='bbox 360 1418 390 1479; x_wconf 92' lang='lat' dir='ltr'><strong>in</strong></span> <span class='ocrx_word' id='word_1_79' title='bbox 418 1438 489 1499; x_wconf 88' lang='lat' dir='ltr'><strong>rupe</strong></span> <span class='ocrx_word' id='word_1_80' title='bbox 515 1435 605 1496; x_wconf 80' lang='lat' dir='ltr'><strong>prope</strong></span> <span class='ocrx_word' id='word_1_81' title='bbox 630 1413 700 1473; x_wconf 77' lang='lat' dir='ltr'><strong>litua</strong></span> <span class='ocrx_word' id='word_1_82' title='bbox 721 1412 819 1484; x_wconf 84' lang='lat' dir='ltr'><strong>aedat,</strong></span> <span class='ocrx_word' id='word_1_83' title='bbox 854 1405 941 1468; x_wconf 85' lang='lat' dir='ltr'><strong>etad</strong></span> <span class='ocrx_word' id='word_1_84' title='bbox 964 1401 1063 1464; x_wconf 63' lang='lat' dir='ltr'><strong>cete·</strong></span> 
     </span>
     <span class='ocr_line' id='line_1_13' title="bbox 157 1514 692 1598; baseline -0.017 -16"><span class='ocrx_word' id='word_1_85' title='bbox 157 1529 233 1582; x_wconf 87' lang='lat' dir='ltr'><strong>team</strong></span> <span class='ocrx_word' id='word_1_86' title='bbox 254 1519 378 1580; x_wconf 89' lang='lat' dir='ltr'><strong>nondum</strong></span> <span class='ocrx_word' id='word_1_87' title='bbox 399 1523 579 1598; x_wconf 80' lang='lat' dir='ltr'><strong>conspectam</strong></span> <span class='ocrx_word' id='word_1_88' title='bbox 601 1514 692 1576; x_wconf 86' lang='lat' dir='ltr'><strong>canit:</strong></span> 
     </span>
    </p>
   </div>
   <div class='ocr_carea' id='block_1_3' title="bbox 221 1665 1048 2337">
    <p class='ocr_par' dir='ltr' id='par_1_4' title="bbox 223 1665 1048 1824">
     <span class='ocr_line' id='line_1_14' title="bbox 223 1665 1048 1751; baseline -0.019 -13"><span class='ocrx_word' id='word_1_89' title='bbox 223 1685 268 1738; x_wconf 81' lang='lat' dir='ltr'><strong>Tn</strong></span> <span class='ocrx_word' id='word_1_90' title='bbox 284 1683 331 1738; x_wconf 83' lang='lat' dir='ltr'><strong>aed</strong></span> <span class='ocrx_word' id='word_1_91' title='bbox 349 1682 411 1736; x_wconf 86' lang='lat' dir='ltr'><strong>adea</strong></span> <span class='ocrx_word' id='word_1_92' title='bbox 428 1697 511 1751; x_wconf 82' lang='lat' dir='ltr'><strong>prope</strong></span> <span class='ocrx_word' id='word_1_93' title='bbox 526 1697 585 1748; x_wconf 83' lang='lat' dir='ltr'><strong>ma,</strong></span> <span class='ocrx_word' id='word_1_94' title='bbox 610 1695 660 1734; x_wconf 88' lang='lat' dir='ltr'><strong>uec</strong></span> <span class='ocrx_word' id='word_1_95' title='bbox 677 1677 818 1748; x_wconf 73' lang='lat' dir='ltr'><strong>quidquam</strong></span> <span class='ocrx_word' id='word_1_96' title='bbox 834 1673 908 1743; x_wconf 76' lang='lat' dir='ltr'><strong>peina</strong></span> <span class='ocrx_word' id='word_1_97' title='bbox 925 1665 1048 1724; x_wconf 80' lang='lat' dir='ltr'><strong>habehinl</strong></span> 
     </span>
     <span class='ocr_line' id='line_1_15' title="bbox 224 1751 874 1824; baseline -0.017 -2"><span class='ocrx_word' id='word_1_98' title='bbox 224 1766 347 1822; x_wconf 81' lang='lat' dir='ltr'><strong>Cocrnlei</strong></span> <span class='ocrx_word' id='word_1_99' title='bbox 363 1765 459 1819; x_wconf 84' lang='lat' dir='ltr'><strong>feriant</strong></span> <span class='ocrx_word' id='word_1_100' title='bbox 475 1763 579 1818; x_wconf 81' lang='lat' dir='ltr'><strong>fremitu</strong></span> <span class='ocrx_word' id='word_1_101' title='bbox 597 1764 654 1818; x_wconf 80' lang='lat' dir='ltr'><strong>eine</strong></span> <span class='ocrx_word' id='word_1_102' title='bbox 670 1763 749 1816; x_wconf 83' lang='lat' dir='ltr'><strong>litore</strong></span> <span class='ocrx_word' id='word_1_103' title='bbox 765 1751 874 1824; x_wconf 57' lang='lat' dir='ltr'><strong>fluctum</strong></span> 
     </span>
    </p>

    <p class='ocr_par' dir='ltr' id='par_1_5' title="bbox 223 1843 927 1919">
     <span class='ocr_line' id='line_1_16' title="bbox 223 1843 927 1919; baseline -0.017 -14"><span class='ocrx_word' id='word_1_104' title='bbox 223 1853 307 1906; x_wconf 76' lang='lat' dir='ltr'><strong>Antra</strong></span> <span class='ocrx_word' id='word_1_105' title='bbox 324 1855 352 1904; x_wconf 87' lang='lat' dir='ltr'><strong>tu</strong></span> <span class='ocrx_word' id='word_1_106' title='bbox 369 1849 461 1904; x_wconf 86' lang='lat' dir='ltr'><strong>melina</strong></span> <span class='ocrx_word' id='word_1_107' title='bbox 478 1865 562 1919; x_wconf 80' lang='lat' dir='ltr'><strong>prope</strong></span> <span class='ocrx_word' id='word_1_108' title='bbox 578 1864 621 1903; x_wconf 88' lang='lat' dir='ltr'><strong>me</strong></span> <span class='ocrx_word' id='word_1_109' title='bbox 638 1849 689 1901; x_wconf 83' lang='lat' dir='ltr'><strong>sita</strong></span> <span class='ocrx_word' id='word_1_110' title='bbox 705 1851 782 1899; x_wconf 86' lang='lat' dir='ltr'><strong>nocte</strong></span> <span class='ocrx_word' id='word_1_111' title='bbox 799 1843 927 1912; x_wconf 72' lang='lat' dir='ltr'><strong>quiesces.</strong></span> 
     </span>
    </p>

    <p class='ocr_par' dir='ltr' id='par_1_6' title="bbox 222 1921 980 2168">
     <span class='ocr_line' id='line_1_17' title="bbox 224 1921 980 2001; baseline -0.016 -13"><span class='ocrx_word' id='word_1_112' title='bbox 224 1937 291 1989; x_wconf 85' lang='lat' dir='ltr'><strong>Sunt</strong></span> <span class='ocrx_word' id='word_1_113' title='bbox 308 1939 336 1988; x_wconf 88' lang='lat' dir='ltr'><strong>et</strong></span> <span class='ocrx_word' id='word_1_114' title='bbox 358 1933 395 1986; x_wconf 83' lang='lat' dir='ltr'><strong>ihi</strong></span> <span class='ocrx_word' id='word_1_115' title='bbox 411 1937 515 2001; x_wconf 79' lang='lat' dir='ltr'><strong>lenrnr,</strong></span> <span class='ocrx_word' id='word_1_116' title='bbox 538 1932 576 1986; x_wconf 89' lang='lat' dir='ltr'><strong>ihi</strong></span> <span class='ocrx_word' id='word_1_117' title='bbox 592 1937 653 1986; x_wconf 81' lang='lat' dir='ltr'><strong>nunt</strong></span> <span class='ocrx_word' id='word_1_118' title='bbox 670 1930 833 2000; x_wconf 75' lang='lat' dir='ltr'><strong>gracilesque</strong></span> <span class='ocrx_word' id='word_1_119' title='bbox 849 1921 980 1994; x_wconf 78' lang='lat' dir='ltr'><strong>cnprceni3</strong></span> 
     </span>
     <span class='ocr_line' id='line_1_18' title="bbox 223 2012 963 2084; baseline -0.011 -12"><span class='ocrx_word' id='word_1_120' title='bbox 223 2019 292 2072; x_wconf 84' lang='lat' dir='ltr'><strong>Sunt</strong></span> <span class='ocrx_word' id='word_1_121' title='bbox 307 2017 420 2072; x_wconf 76' lang='lat' dir='ltr'><strong>hederae</strong></span> <span class='ocrx_word' id='word_1_122' title='bbox 436 2017 543 2084; x_wconf 72' lang='lat' dir='ltr'><strong>nigrae,</strong></span> <span class='ocrx_word' id='word_1_123' title='bbox 561 2015 660 2070; x_wconf 79' lang='lat' dir='ltr'><strong>tractae</strong></span> <span class='ocrx_word' id='word_1_124' title='bbox 677 2014 729 2068; x_wconf 84' lang='lat' dir='ltr'><strong>lert</strong></span> <span class='ocrx_word' id='word_1_125' title='bbox 745 2012 805 2068; x_wconf 80' lang='lat' dir='ltr'><strong>vitia</strong></span> <span class='ocrx_word' id='word_1_126' title='bbox 822 2025 963 2075; x_wconf 75' lang='lat' dir='ltr'><strong>amoenoa3</strong></span> 
     </span>
     <span class='ocr_line' id='line_1_19' title="bbox 222 2096 872 2168; baseline -0.008 -14"><span class='ocrx_word' id='word_1_127' title='bbox 222 2099 362 2154; x_wconf 73' lang='lat' dir='ltr'><strong>Ambracio</strong></span> <span class='ocrx_word' id='word_1_128' title='bbox 378 2105 458 2166; x_wconf 76' lang='lat' dir='ltr'><strong>gnato</strong></span> <span class='ocrx_word' id='word_1_129' title='bbox 473 2099 599 2168; x_wconf 71' lang='lat' dir='ltr'><strong>frigentes</strong></span> <span class='ocrx_word' id='word_1_130' title='bbox 616 2105 676 2153; x_wconf 81' lang='lat' dir='ltr'><strong>sunt</strong></span> <span class='ocrx_word' id='word_1_131' title='bbox 692 2097 756 2152; x_wconf 88' lang='lat' dir='ltr'><strong>mihi</strong></span> <span class='ocrx_word' id='word_1_132' title='bbox 770 2096 872 2160; x_wconf 77' lang='lat' dir='ltr'><strong>fontea3</strong></span> 
     </span>
    </p>

    <p class='ocr_par' dir='ltr' id='par_1_7' title="bbox 221 2177 910 2239">
     <span class='ocr_line' id='line_1_20' title="bbox 221 2177 910 2239; baseline -0.012 -1"><span class='ocrx_word' id='word_1_133' title='bbox 221 2183 331 2238; x_wconf 77' lang='lat' dir='ltr'><strong>Arborio</strong></span> <span class='ocrx_word' id='word_1_134' title='bbox 346 2187 433 2238; x_wconf 80' lang='lat' dir='ltr'><strong>Aetna</strong></span> <span class='ocrx_word' id='word_1_135' title='bbox 448 2181 523 2239; x_wconf 78' lang='lat' dir='ltr'><strong>ferax</strong></span> <span class='ocrx_word' id='word_1_136' title='bbox 540 2184 680 2238; x_wconf 72' lang='lat' dir='ltr'><strong>madentes</strong></span> <span class='ocrx_word' id='word_1_137' title='bbox 696 2183 730 2235; x_wconf 88' lang='lat' dir='ltr'><strong>de</strong></span> <span class='ocrx_word' id='word_1_138' title='bbox 745 2180 807 2235; x_wconf 83' lang='lat' dir='ltr'><strong>nive</strong></span> <span class='ocrx_word' id='word_1_139' title='bbox 823 2177 910 2231; x_wconf 87' lang='lat' dir='ltr'><strong>mittit.</strong></span> 
     </span>
    </p>

    <p class='ocr_par' dir='ltr' id='par_1_8' title="bbox 224 2257 943 2337">
     <span class='ocr_line' id='line_1_21' title="bbox 224 2257 943 2337; baseline -0.019 -9"><span class='ocrx_word' id='word_1_140' title='bbox 224 2267 290 2328; x_wconf 67' lang='lat' dir='ltr'><strong>Quin</strong></span> <span class='ocrx_word' id='word_1_141' title='bbox 306 2267 386 2322; x_wconf 84' lang='lat' dir='ltr'><strong>maria</strong></span> <span class='ocrx_word' id='word_1_142' title='bbox 402 2267 442 2324; x_wconf 87' lang='lat' dir='ltr'><strong>hie</strong></span> <span class='ocrx_word' id='word_1_143' title='bbox 460 2271 543 2326; x_wconf 78' lang='lat' dir='ltr'><strong>tahon</strong></span> <span class='ocrx_word' id='word_1_144' title='bbox 559 2268 633 2323; x_wconf 87' lang='lat' dir='ltr'><strong>malit</strong></span> <span class='ocrx_word' id='word_1_145' title='bbox 648 2261 811 2337; x_wconf 64' lang='lat' dir='ltr'><strong>praeponere</strong></span> <span class='ocrx_word' id='word_1_146' title='bbox 827 2257 943 2317; x_wconf 72' lang='lat' dir='ltr'><strong>fluctuet</strong></span> 
     </span>
    </p>
   </div>
   <div class='ocr_carea' id='block_1_4' title="bbox 147 2411 408 2505">
    <p class='ocr_par' dir='ltr' id='par_1_9' title="bbox 147 2411 408 2505">
     <span class='ocr_line' id='line_1_22' title="bbox 147 2411 408 2505; baseline 0 -21"><span class='ocrx_word' id='word_1_147' title='bbox 147 2411 280 2505; x_wconf 44' lang='lat' dir='ltr'><strong>‘ludeqne</strong></span> <span class='ocrx_word' id='word_1_148' title='bbox 299 2443 328 2487; x_wconf 86' lang='lat' dir='ltr'><strong>v.</strong></span> <span class='ocrx_word' id='word_1_149' title='bbox 350 2429 408 2486; x_wconf 80' lang='lat'><strong>62:</strong></span> 
     </span>
    </p>
   </div>
   <div class='ocr_carea' id='block_1_5' title="bbox 221 2535 1012 2686">
    <p class='ocr_par' dir='ltr' id='par_1_10' title="bbox 221 2535 1012 2686">
     <span class='ocr_line' id='line_1_23' title="bbox 222 2535 898 2605; baseline -0.006 -14"><span class='ocrx_word' id='word_1_150' title='bbox 222 2539 283 2591; x_wconf 86' lang='lat' dir='ltr'><strong>Huc</strong></span> <span class='ocrx_word' id='word_1_151' title='bbox 299 2538 411 2591; x_wconf 83' lang='lat' dir='ltr'><strong>Galatea</strong></span> <span class='ocrx_word' id='word_1_152' title='bbox 427 2536 502 2603; x_wconf 84' lang='lat' dir='ltr'><strong>veni,</strong></span> <span class='ocrx_word' id='word_1_153' title='bbox 519 2535 589 2605; x_wconf 90' lang='lat' dir='ltr'><strong>noli,</strong></span> <span class='ocrx_word' id='word_1_154' title='bbox 606 2537 630 2591; x_wconf 84' lang='lat' dir='ltr'><strong>ei</strong></span> <span class='ocrx_word' id='word_1_155' title='bbox 646 2535 748 2592; x_wconf 66' lang='lat' dir='ltr'><strong>venam</strong></span> <span class='ocrx_word' id='word_1_156' title='bbox 765 2551 898 2604; x_wconf 79' lang='lat' dir='ltr'><strong>nmqamn,</strong></span> 
     </span>
     <span class='ocr_line' id='line_1_24' title="bbox 221 2619 1012 2686; baseline -0.004 -13"><span class='ocrx_word' id='word_1_157' title='bbox 221 2621 288 2673; x_wconf 85' lang='lat' dir='ltr'><strong>Poet</strong></span> <span class='ocrx_word' id='word_1_158' title='bbox 304 2625 331 2672; x_wconf 89' lang='lat' dir='ltr'><strong>et</strong></span> <span class='ocrx_word' id='word_1_159' title='bbox 346 2619 420 2672; x_wconf 70' lang='lat' dir='ltr'><strong>abne</strong></span> <span class='ocrx_word' id='word_1_160' title='bbox 435 2621 555 2686; x_wconf 86' lang='lat' dir='ltr'><strong>domum,</strong></span> <span class='ocrx_word' id='word_1_161' title='bbox 578 2635 715 2676; x_wconf 77' lang='lat' dir='ltr'><strong>remanent</strong></span> <span class='ocrx_word' id='word_1_162' title='bbox 731 2635 834 2674; x_wconf 86' lang='lat' dir='ltr'><strong>mconm</strong></span> <span class='ocrx_word' id='word_1_163' title='bbox 850 2621 1012 2673; x_wconf 78' lang='lat' dir='ltr'><strong>remanente.</strong></span> 
     </span>
    </p>
   </div>
   <div class='ocr_carea' id='block_1_6' title="bbox 106 2720 1048 3512">
    <p class='ocr_par' dir='ltr' id='par_1_11' title="bbox 106 2720 1048 3512">
     <span class='ocr_line' id='line_1_25' title="bbox 154 2720 1047 2805; baseline 0.001 -25"><span class='ocrx_word' id='word_1_164' title='bbox 154 2721 293 2805; x_wconf 75' lang='lat' dir='ltr'><strong>Virgilius</strong></span> <span class='ocrx_word' id='word_1_165' title='bbox 314 2726 417 2782; x_wconf 78' lang='lat' dir='ltr'><strong>contm</strong></span> <span class='ocrx_word' id='word_1_166' title='bbox 437 2741 519 2782; x_wconf 80' lang='lat' dir='ltr'><strong>mane</strong></span> <span class='ocrx_word' id='word_1_167' title='bbox 540 2741 657 2784; x_wconf 84' lang='lat' dir='ltr'><strong>vernnm</strong></span> <span class='ocrx_word' id='word_1_168' title='bbox 678 2723 780 2805; x_wconf 78' lang='lat' dir='ltr'><strong>eligit,</strong></span> <span class='ocrx_word' id='word_1_169' title='bbox 802 2737 858 2802; x_wconf 90' lang='lat' dir='ltr'><strong>quo</strong></span> <span class='ocrx_word' id='word_1_170' title='bbox 879 2740 968 2782; x_wconf 85' lang='lat' dir='ltr'><strong>aurae</strong></span> <span class='ocrx_word' id='word_1_171' title='bbox 988 2720 1047 2800; x_wconf 78' lang='lat' dir='ltr'><strong>epi·</strong></span> 
     </span>
     <span class='ocr_line' id='line_1_26' title="bbox 153 2821 1046 2903; baseline -0.001 -21"><span class='ocrx_word' id='word_1_172' title='bbox 153 2830 235 2898; x_wconf 90' lang='lat' dir='ltr'><strong>rent,</strong></span> <span class='ocrx_word' id='word_1_173' title='bbox 261 2841 346 2903; x_wconf 88' lang='lat' dir='ltr'><strong>quum</strong></span> <span class='ocrx_word' id='word_1_174' title='bbox 372 2821 494 2884; x_wconf 77' lang='lat' dir='ltr'><strong>Galatae</strong></span> <span class='ocrx_word' id='word_1_175' title='bbox 519 2821 627 2896; x_wconf 85' lang='lat' dir='ltr'><strong>facilia,</strong></span> <span class='ocrx_word' id='word_1_176' title='bbox 653 2823 684 2883; x_wconf 89' lang='lat' dir='ltr'><strong>in</strong></span> <span class='ocrx_word' id='word_1_177' title='bbox 711 2823 794 2884; x_wconf 77' lang='lat' dir='ltr'><strong>undio</strong></span> <span class='ocrx_word' id='word_1_178' title='bbox 815 2821 982 2898; x_wconf 82' lang='lat' dir='ltr'><strong>leeciviene,</strong></span> <span class='ocrx_word' id='word_1_179' title='bbox 1009 2821 1046 2882; x_wconf 86' lang='lat' dir='ltr'><strong>ah</strong></span> 
     </span>
     <span class='ocr_line' id='line_1_27' title="bbox 154 2919 1046 3008; baseline -0.004 -24"><span class='ocrx_word' id='word_1_180' title='bbox 154 2931 282 2986; x_wconf 87' lang='lat' dir='ltr'><strong>amatore</strong></span> <span class='ocrx_word' id='word_1_181' title='bbox 302 2931 431 2986; x_wconf 85' lang='lat' dir='ltr'><strong>amenter</strong></span> <span class='ocrx_word' id='word_1_182' title='bbox 451 2923 482 2984; x_wconf 92' lang='lat' dir='ltr'><strong>in</strong></span> <span class='ocrx_word' id='word_1_183' title='bbox 503 2924 609 2986; x_wconf 87' lang='lat' dir='ltr'><strong>aiccum</strong></span> <span class='ocrx_word' id='word_1_184' title='bbox 623 2927 750 3008; x_wconf 76' lang='lat' dir='ltr'><strong>cogitur.</strong></span> <span class='ocrx_word' id='word_1_185' title='bbox 792 2925 921 3003; x_wconf 84' lang='lat' dir='ltr'><strong>Utraque</strong></span> <span class='ocrx_word' id='word_1_186' title='bbox 931 2919 1046 2982; x_wconf 79' lang='lat' dir='ltr'><strong>confor-</strong></span> 
     </span>
     <span class='ocr_line' id='line_1_28' title="bbox 153 3023 1046 3106; baseline -0.002 -23"><span class='ocrx_word' id='word_1_187' title='bbox 153 3025 241 3084; x_wconf 91' lang='lat' dir='ltr'><strong>matio</strong></span> <span class='ocrx_word' id='word_1_188' title='bbox 263 3025 384 3086; x_wconf 78' lang='lat' dir='ltr'><strong>coneilio</strong></span> <span class='ocrx_word' id='word_1_189' title='bbox 406 3046 459 3085; x_wconf 87' lang='lat' dir='ltr'><strong>auo</strong></span> <span class='ocrx_word' id='word_1_190' title='bbox 481 3031 549 3106; x_wconf 76' lang='lat' dir='ltr'><strong>apta</strong></span> <span class='ocrx_word' id='word_1_191' title='bbox 570 3032 624 3087; x_wconf 84' lang='lat' dir='ltr'><strong>eat.</strong></span> <span class='ocrx_word' id='word_1_192' title='bbox 667 3025 729 3086; x_wconf 89' lang='lat' dir='ltr'><strong>lllio</strong></span> <span class='ocrx_word' id='word_1_193' title='bbox 745 3025 870 3104; x_wconf 78' lang='lat' dir='ltr'><strong>nympha</strong></span> <span class='ocrx_word' id='word_1_194' title='bbox 887 3030 1000 3084; x_wconf 84' lang='lat' dir='ltr'><strong>noctem</strong></span> <span class='ocrx_word' id='word_1_195' title='bbox 1014 3023 1046 3082; x_wconf 91' lang='lat' dir='ltr'><strong>in</strong></span> 
     </span>
     <span class='ocr_line' id='line_1_29' title="bbox 154 3126 1048 3207; baseline -0.003 -18"><span class='ocrx_word' id='word_1_196' title='bbox 154 3126 362 3189; x_wconf 79' lang='lat' dir='ltr'><strong>euchrmnnlem</strong></span> <span class='ocrx_word' id='word_1_197' title='bbox 390 3127 427 3187; x_wconf 92' lang='lat' dir='ltr'><strong>ad</strong></span> <span class='ocrx_word' id='word_1_198' title='bbox 448 3126 588 3206; x_wconf 78' lang='lat' dir='ltr'><strong>placidam</strong></span> <span class='ocrx_word' id='word_1_199' title='bbox 608 3127 729 3207; x_wconf 86' lang='lat' dir='ltr'><strong>quietem</strong></span> <span class='ocrx_word' id='word_1_200' title='bbox 750 3126 826 3187; x_wconf 87' lang='lat' dir='ltr'><strong>antri</strong></span> <span class='ocrx_word' id='word_1_201' title='bbox 847 3147 887 3187; x_wconf 85' lang='lat' dir='ltr'><strong>ex</strong></span> <span class='ocrx_word' id='word_1_202' title='bbox 906 3145 978 3206; x_wconf 83' lang='lat' dir='ltr'><strong>rupe</strong></span> <span class='ocrx_word' id='word_1_203' title='bbox 998 3143 1048 3199; x_wconf 80' lang='lat' dir='ltr'><strong>ca·</strong></span> 
     </span>
     <span class='ocr_line' id='line_1_30' title="bbox 106 3224 1047 3314; baseline -0.004 -24"><span class='ocrx_word' id='word_1_204' title='bbox 106 3303 112 3314; x_wconf 27' lang='grc' dir='ltr'>ι</span> <span class='ocrx_word' id='word_1_205' title='bbox 154 3227 215 3290; x_wconf 86' lang='lat' dir='ltr'><strong>vati</strong></span> <span class='ocrx_word' id='word_1_206' title='bbox 242 3232 273 3288; x_wconf 91' lang='lat' dir='ltr'><strong>et</strong></span> <span class='ocrx_word' id='word_1_207' title='bbox 300 3224 390 3287; x_wconf 85' lang='lat' dir='ltr'><strong>taurin</strong></span> <span class='ocrx_word' id='word_1_208' title='bbox 415 3233 446 3288; x_wconf 86' lang='lat' dir='ltr'><strong>et</strong></span> <span class='ocrx_word' id='word_1_209' title='bbox 471 3227 615 3307; x_wconf 67' lang='lat' dir='ltr'><strong>marcetis</strong></span> <span class='ocrx_word' id='word_1_210' title='bbox 636 3227 691 3288; x_wconf 90' lang='lat' dir='ltr'><strong>tuti</strong></span> <span class='ocrx_word' id='word_1_211' title='bbox 711 3226 863 3302; x_wconf 82' lang='lat' dir='ltr'><strong>invitetur3</strong></span> <span class='ocrx_word' id='word_1_212' title='bbox 890 3226 977 3308; x_wconf 76' lang='lat' dir='ltr'><strong>nigra</strong></span> <span class='ocrx_word' id='word_1_213' title='bbox 996 3225 1047 3286; x_wconf 87' lang='lat' dir='ltr'><strong>he·</strong></span> 
     </span>
     <span class='ocr_line' id='line_1_31' title="bbox 154 3326 1048 3409; baseline 0.002 -24"><span class='ocrx_word' id='word_1_214' title='bbox 154 3326 285 3403; x_wconf 86' lang='lat' dir='ltr'><strong>deralll,</strong></span> <span class='ocrx_word' id='word_1_215' title='bbox 308 3335 359 3400; x_wconf 73' lang='lat'><strong>39,</strong></span> <span class='ocrx_word' id='word_1_216' title='bbox 380 3346 455 3406; x_wconf 82' lang='lat' dir='ltr'><strong>quae</strong></span> <span class='ocrx_word' id='word_1_217' title='bbox 475 3333 611 3388; x_wconf 88' lang='lat' dir='ltr'><strong>montano</strong></span> <span class='ocrx_word' id='word_1_218' title='bbox 631 3327 681 3390; x_wconf 83' lang='lat' dir='ltr'><strong>inti</strong></span> <span class='ocrx_word' id='word_1_219' title='bbox 700 3327 815 3389; x_wconf 85' lang='lat' dir='ltr'><strong>immani</strong></span> <span class='ocrx_word' id='word_1_220' title='bbox 834 3327 947 3409; x_wconf 78' lang='lat' dir='ltr'><strong>aperiet</strong></span> <span class='ocrx_word' id='word_1_221' title='bbox 968 3331 1048 3387; x_wconf 79' lang='lat' dir='ltr'><strong>treet</strong></span> 
     </span>
     <span class='ocr_line' id='line_1_32' title="bbox 152 3423 1048 3512; baseline 0.002 -24"><span class='ocrx_word' id='word_1_222' title='bbox 152 3425 267 3498; x_wconf 70' lang='lat' dir='ltr'><strong>melior,</strong></span> <span class='ocrx_word' id='word_1_223' title='bbox 289 3443 415 3487; x_wconf 84' lang='lat' dir='ltr'><strong>coronae</strong></span> <span class='ocrx_word' id='word_1_224' title='bbox 435 3423 494 3487; x_wconf 82' lang='lat' dir='ltr'><strong>lert</strong></span> <span class='ocrx_word' id='word_1_225' title='bbox 514 3431 639 3503; x_wconf 85' lang='lat' dir='ltr'><strong>amatae,</strong></span> <span class='ocrx_word' id='word_1_226' title='bbox 660 3427 727 3495; x_wconf 79' lang='lat' dir='ltr'><strong>vitiu</strong></span> <span class='ocrx_word' id='word_1_227' title='bbox 747 3445 820 3494; x_wconf 80' lang='lat' dir='ltr'><strong>uret</strong></span> <span class='ocrx_word' id='word_1_228' title='bbox 840 3433 961 3512; x_wconf 72' lang='lat' dir='ltr'><strong>gustatu</strong></span> <span class='ocrx_word' id='word_1_229' title='bbox 982 3443 1048 3490; x_wconf 64' lang='lat' dir='ltr'><strong>ena</strong></span> 
     </span>
    </p>
   </div>
   <div class='ocr_carea' id='block_1_7' title="bbox 0 0 1212 3978">
    <p class='ocr_par' dir='ltr' id='par_1_12' title="bbox 0 0 1212 3978">
     <span class='ocr_line' id='line_1_33' title="bbox 0 0 1212 3978; baseline 0 1"><span class='ocrx_word' id='word_1_230' title='bbox 0 0 1212 3978; x_wconf 95' lang='lat' dir='ltr'><strong> </strong></span> 
     </span>
    </p>
   </div>
  </div>
 </body>
</html>
