2392 3986
176 240 243 314 100
392 251 395 256 ¹
439 241 596 302 ncnoan
616 241 666 302 ιιι.
689 201 835 302 ionia.

177 411 295 492 privatis
317 409 444 490 negotiis
465 417 610 487 tamqnam
632 410 735 490 regula
762 410 857 488 eliqua
878 407 1075 480 adhibebatur,

177 532 343 592 quamquam
372 511 472 570 nenda
500 511 595 590 aliqua
622 511 651 570 in
684 510 755 569 libro
786 509 1076 589 reprehendebantur,
1169 501 1172 510 '

177 614 320 696 Agricolis
343 613 431 683 euim,
464 612 664 692 intelligimus,
698 611 864 690 praesertim
887 611 1002 682 lteliee,
1031 612 1075 670 iu-

178 717 255 775 dices
276 715 339 773 illos
361 712 445 774 facile
463 732 635 784 conversos,
666 713 713 790 qni
735 713 797 772 dies
816 713 954 772 notabant
975 713 1075 792 singu-

111 865 118 882 .
177 817 267 875 larum
289 799 473 874 mutationum
494 813 583 884 coeli,
613 820 642 873 et
663 814 805 872 utiliores*
822 821 853 872 ct
873 813 966 893 magis
989 821 1075 872 notos

177 937 241 976 csse
263 915 402 986 debuisse,
425 933 507 993 quam
529 914 776 982 incertosversus
796 915 892 985 Arati,
906 921 975 985 aut,
998 911 1077 992 quod

178 1018 294 1096 amplius
317 1016 454 1094 aliquibus
476 1017 504 1074 in
527 1023 647 1076 mentem
668 1017 763 1087 venit,
786 1017 934 1095 sphaeram
954 1015 1075 1076 vitreum

178 1118 366 1188 Archimedis,
398 1117 552 1176 ‘Claudiam
566 1117 684 1197 ›llpign
715 1124 765 1178 68.
819 1116 1011 1179 Mathematici
1044 1123 1076 1178 et

178 1219 355 1280 Arithmctici
377 1219 501 1296 parvulis
524 1219 627 1276 mensis
649 1217 814 1289 utebantur,
847 1217 978 1290 abacis,
1013 1218 1075 1295 qui-

179 1322 231 1380 bus
259 1320 379 1378 laminae
409 1319 525 1377 meliore
558 1339 596 1376 ex
622 1317 717 1398 ligno,
747 1337 885 1388 marmore
917 1325 967 1378 aut
993 1317 1076 1398 trag·

177 1421 279 1479 mentis
302 1419 456 1497 parietum,
479 1406 627 1496 qui‘celce
649 1426 767 1478 arenata
788 1419 869 1494 densi
891 1427 920 1478 et
941 1420 978 1480 ad
997 1439 1077 1480 snm-
1148 1457 1152 1462 ·

179 1542 252 1579 nrum
282 1520 401 1578 nitorem
422 1519 540 1600 levigati
568 1526 664 1594 erant,
702 1520 925 1608 imponebantur.
969 1519 1001 1578 ln
1028 1505 1090 1578 his*
1194 1498 1196 1561 l

179 1621 282 1680 tabulis
305 1621 427 1679 bacillo
450 1621 559 1699 aliquo,
590 1623 705 1692 raddo,
741 1628 771 1679 et
790 1621 873 1682 viridi
895 1621 1010 1700 pulvera
1031 1621 1075 1680 vi-

180 1717 243 1781 treo
266 1719 411 1802 (erudito
437 1726 592 1796 pulvere,
628 1722 709 1800 quasi
736 1723 820 1781 docta
848 1721 992 1803 puluere),
1025 1721 1076 1801 qui

181 1821 360 1902 respirationi
373 1823 533 1894 resistebat,
555 1823 719 1905 pingebant
763 1823 826 1884 Hoc
848 1823 1076 1900 pulverehrahi·

180 1924 275 1984 medes
304 1924 425 2004 pingens
458 1924 493 1984 ab
526 1923 655 2002 imperito
687 1923 775 1988 milite
806 1923 896 2002 captis
924 1924 1076 2002 Syracusis

181 2025 292 2084 occisas
324 2031 384 2084 ast.v
420 2025 464 2082 lta
492 2025 614 2102 pingens
635 2023 773 2080 Eudoxus
800 2041 912 2100 quoqne
939 2043 1077 2086 cursum
1177 2009 1180 2022 Ι

132 2198 136 2208 ,
182 2123 301 2182 extremi
328 2124 428 2192 coeli,
465 2121 571 2200 inquo
600 2121 680 2200 quasi
707 2120 796 2180 affixa
821 2122 910 2202 signa
937 2127 1078 2188 meantia

181 2228 398 2292 convertuntur,
428 2221 639 2294 dimetiebatur,
671 2223 792 2301 indeque
814 2223 1077 2304 designabattem-

181 2344 265 2402 pora,
297 2342 369 2401 quae
391 2330 420 2384 et
441 2325 560 2385 messori
582 2331 691 2386 aestate
713 2333 743 2386 et
764 2325 873 2386 aratori
893 2327 992 2404 hyeme
1013 2347 1075 2388 ser·
1181 2333 1182 2336 ’

181 2425 273 2485 venda
303 2431 407 2484 essent.
457 2424 568 2498 Orbis,
605 2427 714 2486 coelum
742 2427 811 2486 orbe
838 2446 1004 2489 conversum
1026 2423 1097 2500 Vl(

182 2521 238 2597 δὶς
259 2526 417 2604 gentilos
438 2525 466 2582 ia
479 2545 560 2584 nsum
579 2527 716 2605 gentium.
755 2528 884 2587 'Massia
902 2536 932 2587 et
951 2549 1075 2590 senm-

182 2631 227 2686 tia
249 2627 366 2704 vulgate
387 2624 501 2682 nomina
525 2632 608 2685 erant
629 2626 746 2688 aestatis
768 2635 798 2686 et
818 2629 933 2706 hyemis,
954 2651 1006 2709 pro
1027 2649 1076 2690 sc·
1194 2678 1195 2683 ι

181 2745 251 2784 rena
271 2731 301 2782 et
314 2723 426 2782 humida
447 2731 626 2802 tempestate3
658 2744 774 2804 quarum
795 2729 843 2788 illa
864 2731 998 2811 vergiliis
1019 2733 1075 2792 cir-

182 2825 254 2885 citer
274 2825 379 2904 ltlajum
400 2843 482 2884 mene
513 2828 621 2884 exortis
643 2825 743 2908 fruges
764 2829 835 2902 fert,
869 2832 940 2890 baec
961 2833 1077 2892 circiter

183 2926 376 2996 Nouembrem,
399 2944 482 3003 quum
503 2925 574 2984 idem
597 2927 676 2987 sidus
696 2950 776 2988 mnne
798 2931 910 3014 occidit,
934 2933 1076 2996 sationem

183 3042 317 3106 agrorum
337 3024 451 3106 flagitat
471 3023 525 3084 Lb.
542 3027 564 3097 l,
588 3033 658 3090 253.
704 3031 832 3090 Corum
853 3039 960 3105 arator,
982 3035 1075 3114 signi-

182 3126 276 3188 ficatio
306 3124 432 3205 proceri,
453 3127 580 3186 vrobusti
602 3130 654 3200 lV,
683 3136 733 3192 41.
782 3133 924 3192 Procerus
952 3142 1074 3209 statura,

183 3227 273 3288 Varro
302 3226 439 3307 praecipit
467 3228 496 3288 in
519 3230 690 3309 Geoponicis
711 3233 753 3302 ll,
778 3239 812 3302 2,
835 3240 932 3294 arator
953 3236 1006 3307 sit,
1041 3245 1076 3297 ut

184 3329 273 3389 stivae
304 3329 432 3409 graviter
464 3327 586 3388 innitens
625 3337 713 3392 totum
744 3351 886 3392 vomerem
923 3334 1075 3414 imprimat,

182 3428 265 3488 lade.
284 3429 417 3515 rusticum
450 3429 641 3508 proverbium
659 3433 688 3492 in
713 3431 798 3492 Plinii
824 3434 935 3508 XVlll,
958 3441 1014 3507 49,
1039 3445 1076 3499 2:
