<?xml version="1.0" encoding="UTF-8"?>
<!DOCTYPE html PUBLIC "-//W3C//DTD XHTML 1.0 Transitional//EN"
    "http://www.w3.org/TR/xhtml1/DTD/xhtml1-transitional.dtd">
<html xmlns="http://www.w3.org/1999/xhtml" xml:lang="en" lang="en">
 <head>
  <title>
</title>
<meta http-equiv="Content-Type" content="text/html;charset=utf-8" />
  <meta name='ocr-system' content='tesseract 3.04.00' />
  <meta name='ocr-capabilities' content='ocr_page ocr_carea ocr_par ocr_line ocrx_word'/>
</head>
<body>
  <div class='ocr_page' id='page_1' title='image "./johannishenrici00reingoog/johannishenrici00reingoog_0240.png"; bbox 0 0 2394 3980; ppageno 0'>
   <div class='ocr_carea' id='block_1_1' title="bbox 201 217 843 304">
    <p class='ocr_par' dir='ltr' id='par_1_1' title="bbox 201 217 843 304">
     <span class='ocr_line' id='line_1_1' title="bbox 201 217 843 304; baseline -0.006 -26"><span class='ocrx_word' id='word_1_1' title='bbox 201 230 275 304; x_wconf 66' lang='lat' dir='ltr'>qu</span> <span class='ocrx_word' id='word_1_2' title='bbox 453 217 617 278; x_wconf 54' lang='lat' dir='ltr'>,ucnocn</span> <span class='ocrx_word' id='word_1_3' title='bbox 639 217 672 276; x_wconf 87' lang='lat' dir='ltr'>r.</span> <span class='ocrx_word' id='word_1_4' title='bbox 695 221 843 281; x_wconf 62' lang='lat' dir='ltr'>sr-sr.</span> 
     </span>
    </p>
   </div>
   <div class='ocr_carea' id='block_1_2' title="bbox 260 378 1053 787">
    <p class='ocr_par' dir='ltr' id='par_1_2' title="bbox 260 378 1020 529">
     <span class='ocr_line' id='line_1_2' title="bbox 272 378 1020 452; baseline -0.008 -14"><span class='ocrx_word' id='word_1_5' title='bbox 272 383 380 450; x_wconf 65' lang='lat' dir='ltr'>cyanea</span> <span class='ocrx_word' id='word_1_6' title='bbox 395 381 511 452; x_wconf 77' lang='lat' dir='ltr'>insuevit</span> <span class='ocrx_word' id='word_1_7' title='bbox 524 399 602 450; x_wconf 86' lang='lat' dir='ltr'>quum</span> <span class='ocrx_word' id='word_1_8' title='bbox 616 381 726 449; x_wconf 88' lang='lat' dir='ltr'>primum</span> <span class='ocrx_word' id='word_1_9' title='bbox 742 386 837 446; x_wconf 73' lang='lat' dir='ltr'>argute</span> <span class='ocrx_word' id='word_1_10' title='bbox 853 378 948 432; x_wconf 76' lang='lat' dir='ltr'>nicode</span> <span class='ocrx_word' id='word_1_11' title='bbox 1002 411 1020 432; x_wconf 49' lang='grc' dir='ltr'>ι,</span> 
     </span>
     <span class='ocr_line' id='line_1_3' title="bbox 260 465 871 529; baseline -0.003 -11"><span class='ocrx_word' id='word_1_12' title='bbox 260 468 303 524; x_wconf 86' lang='lat' dir='ltr'>¹ln</span> <span class='ocrx_word' id='word_1_13' title='bbox 319 465 394 520; x_wconf 87' lang='lat' dir='ltr'>riridi</span> <span class='ocrx_word' id='word_1_14' title='bbox 410 467 483 523; x_wconf 72' lang='lat' dir='ltr'>raino</span> <span class='ocrx_word' id='word_1_15' title='bbox 500 467 617 520; x_wconf 80' lang='lat' dir='ltr'>residens</span> <span class='ocrx_word' id='word_1_16' title='bbox 635 466 736 518; x_wconf 81' lang='lat' dir='ltr'>edicere</span> <span class='ocrx_word' id='word_1_17' title='bbox 752 481 871 529; x_wconf 82' lang='lat' dir='ltr'>messem,</span> 
     </span>
    </p>

    <p class='ocr_par' dir='ltr' id='par_1_3' title="bbox 271 549 1053 787">
     <span class='ocr_line' id='line_1_4' title="bbox 271 549 1053 620; baseline -0.003 -16"><span class='ocrx_word' id='word_1_18' title='bbox 271 551 406 604; x_wconf 85' lang='lat' dir='ltr'>Foecnndi</span> <span class='ocrx_word' id='word_1_19' title='bbox 424 560 485 620; x_wconf 88' lang='lat' dir='ltr'>potu</span> <span class='ocrx_word' id='word_1_20' title='bbox 505 550 569 602; x_wconf 88' lang='lat' dir='ltr'>roris</span> <span class='ocrx_word' id='word_1_21' title='bbox 586 549 682 601; x_wconf 84' lang='lat' dir='ltr'>nutrito</span> <span class='ocrx_word' id='word_1_22' title='bbox 698 549 817 618; x_wconf 84' lang='lat' dir='ltr'>ciboque,</span> <span class='ocrx_word' id='word_1_23' title='bbox 884 568 887 572; x_wconf 81' lang='grc'>’</span> <span class='ocrx_word' id='word_1_24' title='bbox 1051 610 1053 614; x_wconf 88' lang='lat'>.</span> 
     </span>
     <span class='ocr_line' id='line_1_5' title="bbox 272 632 986 704; baseline -0.008 -16"><span class='ocrx_word' id='word_1_25' title='bbox 272 635 356 688; x_wconf 86' lang='lat' dir='ltr'>Totos</span> <span class='ocrx_word' id='word_1_26' title='bbox 374 651 471 704; x_wconf 83' lang='lat' dir='ltr'>perque</span> <span class='ocrx_word' id='word_1_27' title='bbox 487 635 542 686; x_wconf 88' lang='lat' dir='ltr'>dies</span> <span class='ocrx_word' id='word_1_28' title='bbox 559 651 607 701; x_wconf 91' lang='lat' dir='ltr'>per</span> <span class='ocrx_word' id='word_1_29' title='bbox 624 651 698 689; x_wconf 83' lang='lat' dir='ltr'>mane</span> <span class='ocrx_word' id='word_1_30' title='bbox 716 639 742 686; x_wconf 91' lang='lat' dir='ltr'>et</span> <span class='ocrx_word' id='word_1_31' title='bbox 759 632 868 685; x_wconf 76' lang='lat' dir='ltr'>sundere</span> <span class='ocrx_word' id='word_1_32' title='bbox 884 632 986 696; x_wconf 71' lang='lat' dir='ltr'>cantus,</span> 
     </span>
     <span class='ocr_line' id='line_1_6' title="bbox 272 715 917 787; baseline -0.009 -15"><span class='ocrx_word' id='word_1_33' title='bbox 272 719 390 787; x_wconf 73' lang='lat' dir='ltr'>Corpore</span> <span class='ocrx_word' id='word_1_34' title='bbox 406 733 484 786; x_wconf 89' lang='lat' dir='ltr'>quom</span> <span class='ocrx_word' id='word_1_35' title='bbox 501 723 582 770; x_wconf 86' lang='lat' dir='ltr'>torret</span> <span class='ocrx_word' id='word_1_36' title='bbox 597 717 718 782; x_wconf 79' lang='lat' dir='ltr'>flagranti</span> <span class='ocrx_word' id='word_1_37' title='bbox 734 715 817 769; x_wconf 87' lang='lat' dir='ltr'>Sirius</span> <span class='ocrx_word' id='word_1_38' title='bbox 834 721 917 770; x_wconf 80' lang='lat' dir='ltr'>aestu.</span> 
     </span>
    </p>
   </div>
   <div class='ocr_carea' id='block_1_3' title="bbox 203 799 1094 881">
    <p class='ocr_par' dir='ltr' id='par_1_4' title="bbox 203 799 1094 881">
     <span class='ocr_line' id='line_1_7' title="bbox 203 799 1094 881; baseline -0.006 -17"><span class='ocrx_word' id='word_1_39' title='bbox 203 805 441 872; x_wconf 67' lang='lat' dir='ltr'>Quemadmodum</span> <span class='ocrx_word' id='word_1_40' title='bbox 469 825 488 863; x_wconf 84' lang='lat' dir='ltr'>o</span> <span class='ocrx_word' id='word_1_41' title='bbox 508 801 642 864; x_wconf 78' lang='lat' dir='ltr'>Baedro</span> <span class='ocrx_word' id='word_1_42' title='bbox 664 811 694 864; x_wconf 87' lang='lat' dir='ltr'>et</span> <span class='ocrx_word' id='word_1_43' title='bbox 723 799 863 876; x_wconf 73' lang='lat' dir='ltr'>Cerere,</span> <span class='ocrx_word' id='word_1_44' title='bbox 892 799 1094 881; x_wconf 83' lang='lat' dir='ltr'>potentissimis</span> 
     </span>
    </p>
   </div>
   <div class='ocr_carea' id='block_1_4' title="bbox 95 902 1095 987">
    <p class='ocr_par' dir='ltr' id='par_1_5' title="bbox 95 902 1095 987">
     <span class='ocr_line' id='line_1_8' title="bbox 95 902 1095 987; baseline -0.002 -23"><span class='ocrx_word' id='word_1_45' title='bbox 95 907 102 920; x_wconf 89' lang='lat'><em>&#39;</em></span> <span class='ocrx_word' id='word_1_46' title='bbox 203 924 239 964; x_wconf 83' lang='lat' dir='ltr'>ue</span> <span class='ocrx_word' id='word_1_47' title='bbox 266 905 418 964; x_wconf 68' lang='lat' dir='ltr'>mitissimis</span> <span class='ocrx_word' id='word_1_48' title='bbox 444 902 629 987; x_wconf 73' lang='lat' dir='ltr'>largitoribus</span> <span class='ocrx_word' id='word_1_49' title='bbox 658 905 771 986; x_wconf 81' lang='lat' dir='ltr'>frugum</span> <span class='ocrx_word' id='word_1_50' title='bbox 798 911 828 963; x_wconf 85' lang='lat' dir='ltr'>et</span> <span class='ocrx_word' id='word_1_51' title='bbox 861 902 1019 974; x_wconf 83' lang='lat' dir='ltr'>fruetuum,</span> <span class='ocrx_word' id='word_1_52' title='bbox 1053 903 1095 962; x_wconf 85' lang='lat' dir='ltr'>itu</span> 
     </span>
    </p>
   </div>
   <div class='ocr_carea' id='block_1_5' title="bbox 197 1003 1184 1884">
    <p class='ocr_par' dir='ltr' id='par_1_6' title="bbox 200 1003 1184 1570">
     <span class='ocr_line' id='line_1_9' title="bbox 203 1003 1093 1086; baseline -0.006 -19"><span class='ocrx_word' id='word_1_53' title='bbox 203 1005 277 1067; x_wconf 86' lang='lat' dir='ltr'>votis</span> <span class='ocrx_word' id='word_1_54' title='bbox 306 1026 325 1065; x_wconf 77' lang='lat' dir='ltr'>s</span> <span class='ocrx_word' id='word_1_55' title='bbox 351 1014 380 1066; x_wconf 87' lang='lat' dir='ltr'>te</span> <span class='ocrx_word' id='word_1_56' title='bbox 407 1025 518 1086; x_wconf 88' lang='lat' dir='ltr'>quoque</span> <span class='ocrx_word' id='word_1_57' title='bbox 547 1027 635 1068; x_wconf 81' lang='lat' dir='ltr'>verno</span> <span class='ocrx_word' id='word_1_58' title='bbox 658 1013 783 1084; x_wconf 85' lang='lat' dir='ltr'>tempore</span> <span class='ocrx_word' id='word_1_59' title='bbox 806 1003 951 1085; x_wconf 72' lang='lat' dir='ltr'>agriculae</span> <span class='ocrx_word' id='word_1_60' title='bbox 973 1003 1093 1062; x_wconf 86' lang='lat' dir='ltr'>solntem</span> 
     </span>
     <span class='ocr_line' id='line_1_10' title="bbox 202 1104 1092 1188; baseline -0.002 -22"><span class='ocrx_word' id='word_1_61' title='bbox 202 1107 405 1184; x_wconf 70' lang='lat' dir='ltr'>precabunturq</span> <span class='ocrx_word' id='word_1_62' title='bbox 442 1116 529 1188; x_wconf 86' lang='lat' dir='ltr'>tuque</span> <span class='ocrx_word' id='word_1_63' title='bbox 562 1127 617 1167; x_wconf 90' lang='lat' dir='ltr'>non</span> <span class='ocrx_word' id='word_1_64' title='bbox 640 1107 730 1166; x_wconf 90' lang='lat' dir='ltr'>minus</span> <span class='ocrx_word' id='word_1_65' title='bbox 757 1106 832 1185; x_wconf 88' lang='lat' dir='ltr'>ipse,</span> <span class='ocrx_word' id='word_1_66' title='bbox 860 1122 942 1183; x_wconf 79' lang='lat' dir='ltr'>quern</span> <span class='ocrx_word' id='word_1_67' title='bbox 962 1104 1020 1176; x_wconf 91' lang='lat' dir='ltr'>illi,</span> <span class='ocrx_word' id='word_1_68' title='bbox 1043 1123 1092 1184; x_wconf 87' lang='lat' dir='ltr'>po·</span> 
     </span>
     <span class='ocr_line' id='line_1_11' title="bbox 201 1204 1090 1288; baseline -0.001 -23"><span class='ocrx_word' id='word_1_69' title='bbox 201 1215 267 1266; x_wconf 79' lang='lat' dir='ltr'>teus</span> <span class='ocrx_word' id='word_1_70' title='bbox 303 1227 338 1268; x_wconf 84' lang='lat' dir='ltr'>sc</span> <span class='ocrx_word' id='word_1_71' title='bbox 378 1209 466 1282; x_wconf 86' lang='lat' dir='ltr'>mitis,</span> <span class='ocrx_word' id='word_1_72' title='bbox 510 1209 640 1288; x_wconf 76' lang='lat' dir='ltr'>precibus</span> <span class='ocrx_word' id='word_1_73' title='bbox 673 1227 723 1268; x_wconf 85' lang='lat' dir='ltr'>eos</span> <span class='ocrx_word' id='word_1_74' title='bbox 760 1205 903 1266; x_wconf 81' lang='lat' dir='ltr'>concessis</span> <span class='ocrx_word' id='word_1_75' title='bbox 939 1204 1090 1286; x_wconf 73' lang='lat' dir='ltr'>obligabis,</span> 
     </span>
     <span class='ocr_line' id='line_1_12' title="bbox 202 1307 1090 1388; baseline 0.001 -24"><span class='ocrx_word' id='word_1_76' title='bbox 202 1313 234 1365; x_wconf 89' lang='lat' dir='ltr'>ut</span> <span class='ocrx_word' id='word_1_77' title='bbox 255 1315 405 1369; x_wconf 83' lang='lat' dir='ltr'>ouciurnno</span> <span class='ocrx_word' id='word_1_78' title='bbox 428 1310 563 1388; x_wconf 83' lang='lat' dir='ltr'>primitius</span> <span class='ocrx_word' id='word_1_79' title='bbox 585 1310 712 1380; x_wconf 83' lang='lat' dir='ltr'>solvont,</span> <span class='ocrx_word' id='word_1_80' title='bbox 735 1327 806 1386; x_wconf 87' lang='lat' dir='ltr'>quos</span> <span class='ocrx_word' id='word_1_81' title='bbox 817 1313 966 1368; x_wconf 82' lang='lat' dir='ltr'>voverunt.</span> <span class='ocrx_word' id='word_1_82' title='bbox 1004 1307 1090 1368; x_wconf 81' lang='lat' dir='ltr'>Hein-</span> 
     </span>
     <span class='ocr_line' id='line_1_13' title="bbox 201 1395 1184 1487; baseline 0.003 -23"><span class='ocrx_word' id='word_1_83' title='bbox 201 1407 260 1464; x_wconf 84' lang='lat' dir='ltr'>sius</span> <span class='ocrx_word' id='word_1_84' title='bbox 287 1416 454 1468; x_wconf 77' lang='lat' dir='ltr'>correxerat</span> <span class='ocrx_word' id='word_1_85' title='bbox 481 1410 652 1468; x_wconf 78' lang='lat' dir='ltr'>rlasrnabir</span> <span class='ocrx_word' id='word_1_86' title='bbox 673 1414 760 1480; x_wconf 79' lang='lat' dir='ltr'>voti,</span> <span class='ocrx_word' id='word_1_87' title='bbox 795 1415 860 1487; x_wconf 82' lang='lat' dir='ltr'>post</span> <span class='ocrx_word' id='word_1_88' title='bbox 889 1424 958 1468; x_wconf 81' lang='lat' dir='ltr'>vero</span> <span class='ocrx_word' id='word_1_89' title='bbox 986 1408 1090 1479; x_wconf 87' lang='lat' dir='ltr'>docuit,</span> <span class='ocrx_word' id='word_1_90' title='bbox 1183 1395 1184 1410; x_wconf 44' lang='lat'>¹</span> 
     </span>
     <span class='ocr_line' id='line_1_14' title="bbox 200 1506 821 1570; baseline 0.006 -6"><span class='ocrx_word' id='word_1_91' title='bbox 200 1506 284 1565; x_wconf 78' lang='lat' dir='ltr'>olium</span> <span class='ocrx_word' id='word_1_92' title='bbox 306 1515 416 1567; x_wconf 78' lang='lat' dir='ltr'>sextum</span> <span class='ocrx_word' id='word_1_93' title='bbox 438 1529 533 1569; x_wconf 83' lang='lat' dir='ltr'>eosum</span> <span class='ocrx_word' id='word_1_94' title='bbox 555 1517 634 1570; x_wconf 85' lang='lat' dir='ltr'>reete</span> <span class='ocrx_word' id='word_1_95' title='bbox 655 1529 687 1569; x_wconf 83' lang='lat' dir='ltr'>se</span> <span class='ocrx_word' id='word_1_96' title='bbox 707 1510 821 1569; x_wconf 80' lang='lat' dir='ltr'>bebere.</span> 
     </span>
    </p>

    <p class='ocr_par' dir='ltr' id='par_1_7' title="bbox 197 1609 1090 1884">
     <span class='ocr_line' id='line_1_15' title="bbox 285 1609 1090 1688; baseline 0 -18"><span class='ocrx_word' id='word_1_97' title='bbox 285 1615 430 1672; x_wconf 82' lang='grc'><strong>81-84.</strong></span> <span class='ocrx_word' id='word_1_98' title='bbox 473 1610 574 1671; x_wconf 81' lang='lat' dir='ltr'>Animo</span> <span class='ocrx_word' id='word_1_99' title='bbox 602 1618 757 1670; x_wconf 86' lang='lat' dir='ltr'>commotus</span> <span class='ocrx_word' id='word_1_100' title='bbox 779 1609 808 1669; x_wconf 89' lang='lat' dir='ltr'>in</span> <span class='ocrx_word' id='word_1_101' title='bbox 830 1609 1006 1688; x_wconf 80' lang='lat' dir='ltr'>Daphnidem</span> <span class='ocrx_word' id='word_1_102' title='bbox 1028 1631 1090 1670; x_wconf 87' lang='lat' dir='ltr'>cur·</span> 
     </span>
     <span class='ocr_line' id='line_1_16' title="bbox 199 1705 1088 1797; baseline 0.01 -34"><span class='ocrx_word' id='word_1_103' title='bbox 199 1705 272 1766; x_wconf 82' lang='lat' dir='ltr'>mine</span> <span class='ocrx_word' id='word_1_104' title='bbox 299 1710 382 1797; x_wconf 74' lang='lat' dir='ltr'>euripi</span> <span class='ocrx_word' id='word_1_105' title='bbox 414 1719 481 1771; x_wconf 83' lang='lat' dir='ltr'>notu</span> <span class='ocrx_word' id='word_1_106' title='bbox 515 1713 630 1792; x_wconf 79' lang='lat' dir='ltr'>majoris</span> <span class='ocrx_word' id='word_1_107' title='bbox 666 1714 783 1792; x_wconf 86' lang='lat' dir='ltr'>Mopsus</span> <span class='ocrx_word' id='word_1_108' title='bbox 814 1712 889 1770; x_wconf 89' lang='lat' dir='ltr'>duno</span> <span class='ocrx_word' id='word_1_109' title='bbox 918 1711 945 1772; x_wconf 88' lang='lat' dir='ltr'>ei</span> <span class='ocrx_word' id='word_1_110' title='bbox 976 1713 1088 1793; x_wconf 72' lang='lat' dir='ltr'>gratiss</span> 
     </span>
     <span class='ocr_line' id='line_1_17' title="bbox 197 1812 1088 1884; baseline 0.007 -18"><span class='ocrx_word' id='word_1_111' title='bbox 197 1813 313 1868; x_wconf 81' lang='lat' dir='ltr'>seturns</span> <span class='ocrx_word' id='word_1_112' title='bbox 332 1819 384 1870; x_wconf 83' lang='lat' dir='ltr'>est.</span> <span class='ocrx_word' id='word_1_113' title='bbox 428 1812 513 1874; x_wconf 85' lang='lat' dir='ltr'>llufn.</span> <span class='ocrx_word' id='word_1_114' title='bbox 535 1814 569 1874; x_wconf 81' lang='lat' dir='ltr'><em>A</em></span> <span class='ocrx_word' id='word_1_115' title='bbox 594 1815 679 1874; x_wconf 78' lang='lat' dir='ltr'>babet</span> <span class='ocrx_word' id='word_1_116' title='bbox 694 1817 842 1874; x_wconf 75' lang='lat' dir='ltr'>carmine</span> <span class='ocrx_word' id='word_1_117' title='bbox 861 1823 953 1884; x_wconf 75' lang='lat' dir='ltr'>uoto,</span> <span class='ocrx_word' id='word_1_118' title='bbox 980 1814 1088 1873; x_wconf 74' lang='lat' dir='ltr'>adseri·</span> 
     </span>
    </p>
   </div>
   <div class='ocr_carea' id='block_1_6' title="bbox 197 1912 1185 2008">
    <p class='ocr_par' dir='ltr' id='par_1_8' title="bbox 197 1912 1185 2008">
     <span class='ocr_line' id='line_1_18' title="bbox 197 1912 1185 2008; baseline 0.011 -42"><span class='ocrx_word' id='word_1_119' title='bbox 197 1912 246 1988; x_wconf 88' lang='lat' dir='ltr'>pto</span> <span class='ocrx_word' id='word_1_120' title='bbox 268 1913 365 1972; x_wconf 82' lang='lat' dir='ltr'>dona.</span> <span class='ocrx_word' id='word_1_121' title='bbox 408 1915 486 1974; x_wconf 81' lang='lat' dir='ltr'>Tres</span> <span class='ocrx_word' id='word_1_122' title='bbox 508 1916 581 1975; x_wconf 79' lang='lat' dir='ltr'>istae</span> <span class='ocrx_word' id='word_1_123' title='bbox 598 1915 793 1974; x_wconf 74' lang='lat' dir='ltr'>similitudines</span> <span class='ocrx_word' id='word_1_124' title='bbox 814 1933 851 1972; x_wconf 86' lang='lat' dir='ltr'>ex</span> <span class='ocrx_word' id='word_1_125' title='bbox 873 1913 939 1973; x_wconf 82' lang='lat' dir='ltr'>unni</span> <span class='ocrx_word' id='word_1_126' title='bbox 961 1921 1089 1995; x_wconf 83' lang='lat' dir='ltr'>tempore</span> <span class='ocrx_word' id='word_1_127' title='bbox 1184 1993 1185 2008; x_wconf 12' lang='grc' dir='ltr'>χ</span> 
     </span>
    </p>
   </div>
   <div class='ocr_carea' id='block_1_7' title="bbox 96 2005 1114 3004">
    <p class='ocr_par' dir='ltr' id='par_1_9' title="bbox 96 2005 1114 3004">
     <span class='ocr_line' id='line_1_19' title="bbox 195 2005 1087 2096; baseline 0.01 -29"><span class='ocrx_word' id='word_1_128' title='bbox 195 2017 228 2068; x_wconf 89' lang='lat' dir='ltr'>et</span> <span class='ocrx_word' id='word_1_129' title='bbox 247 2011 302 2070; x_wconf 88' lang='lat' dir='ltr'>loci</span> <span class='ocrx_word' id='word_1_130' title='bbox 323 2021 425 2073; x_wconf 74' lang='lat' dir='ltr'>nutura</span> <span class='ocrx_word' id='word_1_131' title='bbox 446 2023 531 2076; x_wconf 80' lang='lat' dir='ltr'>natue</span> <span class='ocrx_word' id='word_1_132' title='bbox 552 2024 627 2075; x_wconf 89' lang='lat' dir='ltr'>sunt.</span> <span class='ocrx_word' id='word_1_133' title='bbox 647 2005 649 2011; x_wconf 27' lang='lat'>⁸</span> <span class='ocrx_word' id='word_1_134' title='bbox 672 2017 775 2074; x_wconf 82' lang='lat' dir='ltr'>Colore</span> <span class='ocrx_word' id='word_1_135' title='bbox 797 2015 905 2076; x_wconf 86' lang='lat' dir='ltr'>uestiro</span> <span class='ocrx_word' id='word_1_136' title='bbox 927 2037 954 2076; x_wconf 86' lang='lat' dir='ltr'>v.</span> <span class='ocrx_word' id='word_1_137' title='bbox 978 2020 997 2078; x_wconf 82' lang='lat'><strong>5</strong></span> <span class='ocrx_word' id='word_1_138' title='bbox 1020 2017 1087 2096; x_wconf 87' lang='lat' dir='ltr'>quid</span> 
     </span>
     <span class='ocr_line' id='line_1_20' title="bbox 196 2111 1086 2195; baseline 0.013 -27"><span class='ocrx_word' id='word_1_139' title='bbox 196 2111 288 2191; x_wconf 79' lang='lat' dir='ltr'>megin</span> <span class='ocrx_word' id='word_1_140' title='bbox 304 2113 406 2192; x_wconf 78' lang='lat' dir='ltr'>juvere</span> <span class='ocrx_word' id='word_1_141' title='bbox 427 2122 537 2194; x_wconf 88' lang='lat' dir='ltr'>potest,</span> <span class='ocrx_word' id='word_1_142' title='bbox 568 2134 652 2195; x_wconf 80' lang='lat' dir='ltr'>quem</span> <span class='ocrx_word' id='word_1_143' title='bbox 677 2116 775 2176; x_wconf 78' lang='lat' dir='ltr'>sibilus</span> <span class='ocrx_word' id='word_1_144' title='bbox 800 2121 979 2190; x_wconf 73' lang='lat' dir='ltr'>venientis,</span> <span class='ocrx_word' id='word_1_145' title='bbox 1008 2118 1086 2180; x_wconf 86' lang='lat' dir='ltr'>lente</span> 
     </span>
     <span class='ocr_line' id='line_1_21' title="bbox 96 2203 1084 2297; baseline 0.01 -28"><span class='ocrx_word' id='word_1_146' title='bbox 96 2276 97 2282; x_wconf 15' lang='lat' dir='ltr'>q</span> <span class='ocrx_word' id='word_1_147' title='bbox 195 2203 459 2292; x_wconf 73' lang='lat' dir='ltr'>appropinquantis,</span> <span class='ocrx_word' id='word_1_148' title='bbox 488 2222 599 2278; x_wconf 77' lang='lat' dir='ltr'>uestri</span> <span class='ocrx_word' id='word_1_149' title='bbox 626 2237 677 2297; x_wconf 87' lang='lat' dir='ltr'>pcr</span> <span class='ocrx_word' id='word_1_150' title='bbox 704 2217 822 2277; x_wconf 76' lang='lat' dir='ltr'>arbores</span> <span class='ocrx_word' id='word_1_151' title='bbox 843 2218 996 2296; x_wconf 78' lang='lat' dir='ltr'>spimntisl</span> <span class='ocrx_word' id='word_1_152' title='bbox 1039 2220 1084 2280; x_wconf 79' lang='lat' dir='ltr'>si-</span> 
     </span>
     <span class='ocr_line' id='line_1_22' title="bbox 194 2313 1114 2392; baseline 0.012 -22"><span class='ocrx_word' id='word_1_153' title='bbox 194 2313 305 2392; x_wconf 83' lang='lat' dir='ltr'>mulque</span> <span class='ocrx_word' id='word_1_154' title='bbox 326 2314 454 2376; x_wconf 83' lang='lat' dir='ltr'>fremitus</span> <span class='ocrx_word' id='word_1_155' title='bbox 486 2338 567 2378; x_wconf 83' lang='lat' dir='ltr'>orae</span> <span class='ocrx_word' id='word_1_156' title='bbox 595 2318 697 2378; x_wconf 85' lang='lat' dir='ltr'>leniter</span> <span class='ocrx_word' id='word_1_157' title='bbox 718 2339 736 2378; x_wconf 83' lang='lat' dir='ltr'>n</span> <span class='ocrx_word' id='word_1_158' title='bbox 756 2317 886 2378; x_wconf 83' lang='lat' dir='ltr'>fluctibus</span> <span class='ocrx_word' id='word_1_159' title='bbox 907 2317 1084 2380; x_wconf 85' lang='lat' dir='ltr'>circumstre-</span> <span class='ocrx_word' id='word_1_160' title='bbox 1110 2329 1114 2336; x_wconf 93' lang='lat'>&#39;</span> 
     </span>
     <span class='ocr_line' id='line_1_23' title="bbox 194 2414 1083 2502; baseline 0.009 -30"><span class='ocrx_word' id='word_1_161' title='bbox 194 2414 287 2492; x_wconf 82' lang='lat' dir='ltr'>pitnei</span> <span class='ocrx_word' id='word_1_162' title='bbox 314 2435 371 2475; x_wconf 89' lang='lat' dir='ltr'>non</span> <span class='ocrx_word' id='word_1_163' title='bbox 401 2419 488 2477; x_wconf 87' lang='lat' dir='ltr'>moris</span> <span class='ocrx_word' id='word_1_164' title='bbox 515 2417 594 2496; x_wconf 80' lang='lat' dir='ltr'>(num</span> <span class='ocrx_word' id='word_1_165' title='bbox 619 2420 665 2479; x_wconf 85' lang='lat' dir='ltr'>lrie</span> <span class='ocrx_word' id='word_1_166' title='bbox 678 2427 816 2502; x_wconf 79' lang='lat' dir='ltr'>pretores</span> <span class='ocrx_word' id='word_1_167' title='bbox 835 2420 988 2498; x_wconf 83' lang='lat' dir='ltr'>loquuntur</span> <span class='ocrx_word' id='word_1_168' title='bbox 1002 2422 1083 2480; x_wconf 81' lang='lat' dir='ltr'>Mon·</span> 
     </span>
     <span class='ocr_line' id='line_1_24' title="bbox 192 2514 1082 2600; baseline 0.011 -30"><span class='ocrx_word' id='word_1_169' title='bbox 192 2514 301 2592; x_wconf 69' lang='lat' dir='ltr'>tunnil3</span> <span class='ocrx_word' id='word_1_170' title='bbox 328 2517 378 2574; x_wconf 90' lang='lat' dir='ltr'>sed</span> <span class='ocrx_word' id='word_1_171' title='bbox 404 2516 511 2577; x_wconf 83' lang='lat' dir='ltr'>Bennoi</span> <span class='ocrx_word' id='word_1_172' title='bbox 537 2517 616 2578; x_wconf 83' lang='lat' dir='ltr'>locus</span> <span class='ocrx_word' id='word_1_173' title='bbox 642 2539 661 2578; x_wconf 84' lang='lat' dir='ltr'>o</span> <span class='ocrx_word' id='word_1_174' title='bbox 680 2520 786 2581; x_wconf 90' lang='lat' dir='ltr'>lllincio</span> <span class='ocrx_word' id='word_1_175' title='bbox 809 2521 948 2600; x_wconf 81' lang='lat' dir='ltr'>penetrati</span> <span class='ocrx_word' id='word_1_176' title='bbox 969 2521 1024 2582; x_wconf 85' lang='lat' dir='ltr'>Lb.</span> <span class='ocrx_word' id='word_1_177' title='bbox 1047 2523 1082 2594; x_wconf 94' lang='lat' dir='ltr'>ll,</span> 
     </span>
     <span class='ocr_line' id='line_1_25' title="bbox 192 2615 1082 2702; baseline 0.013 -31"><span class='ocrx_word' id='word_1_178' title='bbox 192 2619 264 2682; x_wconf 82' lang='lat'>160,</span> <span class='ocrx_word' id='word_1_179' title='bbox 293 2615 340 2690; x_wconf 89' lang='lat' dir='ltr'>qui</span> <span class='ocrx_word' id='word_1_180' title='bbox 367 2615 452 2674; x_wconf 82' lang='lat' dir='ltr'>muris</span> <span class='ocrx_word' id='word_1_181' title='bbox 477 2617 568 2676; x_wconf 74' lang='lat' dir='ltr'>instar</span> <span class='ocrx_word' id='word_1_182' title='bbox 595 2627 673 2692; x_wconf 79' lang='lat' dir='ltr'>erut,</span> <span class='ocrx_word' id='word_1_183' title='bbox 704 2627 734 2681; x_wconf 89' lang='lat' dir='ltr'>et</span> <span class='ocrx_word' id='word_1_184' title='bbox 757 2623 837 2702; x_wconf 83' lang='lat' dir='ltr'>cujus</span> <span class='ocrx_word' id='word_1_185' title='bbox 858 2622 886 2681; x_wconf 89' lang='lat' dir='ltr'>in</span> <span class='ocrx_word' id='word_1_186' title='bbox 909 2623 1020 2701; x_wconf 82' lang='lat' dir='ltr'>publice</span> <span class='ocrx_word' id='word_1_187' title='bbox 1041 2625 1082 2684; x_wconf 89' lang='lat' dir='ltr'>lo·</span> 
     </span>
     <span class='ocr_line' id='line_1_26' title="bbox 191 2711 1081 2802; baseline 0.019 -34"><span class='ocrx_word' id='word_1_188' title='bbox 191 2711 263 2769; x_wconf 79' lang='lat' dir='ltr'>retis</span> <span class='ocrx_word' id='word_1_189' title='bbox 283 2714 401 2774; x_wconf 72' lang='lat' dir='ltr'>cultibus</span> <span class='ocrx_word' id='word_1_190' title='bbox 424 2736 498 2776; x_wconf 89' lang='lat' dir='ltr'>nunc</span> <span class='ocrx_word' id='word_1_191' title='bbox 518 2727 646 2798; x_wconf 78' lang='lat' dir='ltr'>pascunt</span> <span class='ocrx_word' id='word_1_192' title='bbox 689 2723 865 2783; x_wconf 86' lang='lat' dir='ltr'>Postremum</span> <span class='ocrx_word' id='word_1_193' title='bbox 883 2723 950 2802; x_wconf 87' lang='lat' dir='ltr'>quid</span> <span class='ocrx_word' id='word_1_194' title='bbox 973 2725 1081 2784; x_wconf 84' lang='lat' dir='ltr'>dulcius</span> 
     </span>
     <span class='ocr_line' id='line_1_27' title="bbox 190 2815 1080 2906; baseline 0.017 -36"><span class='ocrx_word' id='word_1_195' title='bbox 190 2830 254 2879; x_wconf 74' lang='lat' dir='ltr'>etse</span> <span class='ocrx_word' id='word_1_196' title='bbox 292 2815 396 2894; x_wconf 84' lang='lat' dir='ltr'>possit,</span> <span class='ocrx_word' id='word_1_197' title='bbox 442 2820 531 2898; x_wconf 55' lang='lat' dir='ltr'>quoru*</span> <span class='ocrx_word' id='word_1_198' title='bbox 563 2841 686 2881; x_wconf 89' lang='lat' dir='ltr'>murmur</span> <span class='ocrx_word' id='word_1_199' title='bbox 717 2830 878 2886; x_wconf 77' lang='lat' dir='ltr'>torrentis</span> <span class='ocrx_word' id='word_1_200' title='bbox 910 2827 1080 2906; x_wconf 68' lang='lat' dir='ltr'>praecipitis,</span> 
     </span>
     <span class='ocr_line' id='line_1_28' title="bbox 188 2914 1080 3004; baseline 0.018 -33"><span class='ocrx_word' id='word_1_201' title='bbox 188 2914 237 2991; x_wconf 90' lang='lat' dir='ltr'>qui</span> <span class='ocrx_word' id='word_1_202' title='bbox 268 2923 397 2996; x_wconf 85' lang='lat' dir='ltr'>pnstores</span> <span class='ocrx_word' id='word_1_203' title='bbox 425 2927 468 2980; x_wconf 67' lang='lat' dir='ltr'>et⁴</span> <span class='ocrx_word' id='word_1_204' title='bbox 481 2939 589 3004; x_wconf 74' lang='lat' dir='ltr'>greges</span> <span class='ocrx_word' id='word_1_205' title='bbox 616 2923 739 2985; x_wconf 66' lang='lat' dir='ltr'>inritati</span> <span class='ocrx_word' id='word_1_206' title='bbox 782 2925 846 2986; x_wconf 87' lang='lat' dir='ltr'>Non</span> <span class='ocrx_word' id='word_1_207' title='bbox 868 2926 960 2986; x_wconf 88' lang='lat' dir='ltr'>minus</span> <span class='ocrx_word' id='word_1_208' title='bbox 981 2929 1018 2987; x_wconf 87' lang='lat' dir='ltr'>nd</span> <span class='ocrx_word' id='word_1_209' title='bbox 1040 2929 1080 2987; x_wconf 92' lang='lat' dir='ltr'>lo·</span> 
     </span>
    </p>
   </div>
   <div class='ocr_carea' id='block_1_8' title="bbox 111 3018 1080 3492">
    <p class='ocr_par' dir='ltr' id='par_1_10' title="bbox 111 3018 1046 3277">
     <span class='ocr_line' id='line_1_29' title="bbox 111 3018 945 3104; baseline 0.013 -28"><span class='ocrx_word' id='word_1_210' title='bbox 111 3071 114 3076; x_wconf 25' lang='lat'><strong>⁴</strong></span> <span class='ocrx_word' id='word_1_211' title='bbox 187 3033 249 3072; x_wconf 88' lang='lat' dir='ltr'>cum</span> <span class='ocrx_word' id='word_1_212' title='bbox 270 3018 421 3082; x_wconf 82' lang='lat' dir='ltr'>Theocriti</span> <span class='ocrx_word' id='word_1_213' title='bbox 442 3024 614 3102; x_wconf 83' lang='lat' dir='ltr'>eompnrotio</span> <span class='ocrx_word' id='word_1_214' title='bbox 637 3043 773 3104; x_wconf 81' lang='lat' dir='ltr'>expresse</span> <span class='ocrx_word' id='word_1_215' title='bbox 794 3034 839 3086; x_wconf 87' lang='lat' dir='ltr'>est</span> <span class='ocrx_word' id='word_1_216' title='bbox 859 3028 887 3100; x_wconf 88' lang='lat' dir='ltr'>l,</span> <span class='ocrx_word' id='word_1_217' title='bbox 910 3036 945 3089; x_wconf 85' lang='lat'>7:</span> 
     </span>
     <span class='ocr_line' id='line_1_30' title="bbox 253 3115 1046 3195; baseline 0.021 -31"><span class='ocrx_word' id='word_1_218' title='bbox 253 3115 377 3183; x_wconf 88' lang='lat' dir='ltr'>Dulcius,</span> <span class='ocrx_word' id='word_1_219' title='bbox 396 3135 471 3184; x_wconf 85' lang='lat' dir='ltr'>ecce,</span> <span class='ocrx_word' id='word_1_220' title='bbox 489 3127 577 3188; x_wconf 85' lang='lat' dir='ltr'>tuum,</span> <span class='ocrx_word' id='word_1_221' title='bbox 595 3130 701 3192; x_wconf 81' lang='lat' dir='ltr'>postor,</span> <span class='ocrx_word' id='word_1_222' title='bbox 724 3141 827 3178; x_wconf 80' lang='lat' dir='ltr'>turonen</span> <span class='ocrx_word' id='word_1_223' title='bbox 845 3125 908 3179; x_wconf 88' lang='lat' dir='ltr'>mihi</span> <span class='ocrx_word' id='word_1_224' title='bbox 925 3125 1046 3195; x_wconf 72' lang='lat' dir='ltr'>lymphis,</span> 
     </span>
     <span class='ocr_line' id='line_1_31' title="bbox 254 3198 942 3277; baseline 0.019 -28"><span class='ocrx_word' id='word_1_225' title='bbox 254 3198 330 3265; x_wconf 84' lang='lat' dir='ltr'>Rupe</span> <span class='ocrx_word' id='word_1_226' title='bbox 347 3218 421 3253; x_wconf 87' lang='lat' dir='ltr'>sunm</span> <span class='ocrx_word' id='word_1_227' title='bbox 439 3202 537 3258; x_wconf 77' lang='lat' dir='ltr'>stillant</span> <span class='ocrx_word' id='word_1_228' title='bbox 555 3223 621 3273; x_wconf 83' lang='lat' dir='ltr'>quae</span> <span class='ocrx_word' id='word_1_229' title='bbox 638 3207 733 3260; x_wconf 81' lang='lat' dir='ltr'>flumen</span> <span class='ocrx_word' id='word_1_230' title='bbox 751 3208 863 3277; x_wconf 82' lang='lat' dir='ltr'>desuper</span> <span class='ocrx_word' id='word_1_231' title='bbox 880 3209 942 3262; x_wconf 89' lang='lat' dir='ltr'>illic.</span> 
     </span>
    </p>

    <p class='ocr_par' dir='ltr' id='par_1_11' title="bbox 183 3297 1077 3392">
     <span class='ocr_line' id='line_1_32' title="bbox 183 3297 1077 3392; baseline 0.018 -35"><span class='ocrx_word' id='word_1_232' title='bbox 183 3297 302 3372; x_wconf 70' lang='lat' dir='ltr'>Litus,</span> <span class='ocrx_word' id='word_1_233' title='bbox 329 3323 406 3362; x_wconf 82' lang='lat' dir='ltr'>orum</span> <span class='ocrx_word' id='word_1_234' title='bbox 434 3305 613 3382; x_wconf 66' lang='lat' dir='ltr'>maritimum,</span> <span class='ocrx_word' id='word_1_235' title='bbox 641 3311 750 3371; x_wconf 86' lang='lat' dir='ltr'>Plinius</span> <span class='ocrx_word' id='word_1_236' title='bbox 771 3313 830 3384; x_wconf 88' lang='lat' dir='ltr'>lX,</span> <span class='ocrx_word' id='word_1_237' title='bbox 852 3320 873 3384; x_wconf 73' lang='lat' dir='ltr'>&#39;l</span> <span class='ocrx_word' id='word_1_238' title='bbox 894 3333 1007 3392; x_wconf 87' lang='lat' dir='ltr'>quoque</span> <span class='ocrx_word' id='word_1_239' title='bbox 1030 3313 1077 3372; x_wconf 87' lang='lat' dir='ltr'>mi-</span> 
     </span>
    </p>

    <p class='ocr_par' dir='ltr' id='par_1_12' title="bbox 185 3400 1080 3492">
     <span class='ocr_line' id='line_1_33' title="bbox 185 3400 1080 3492; baseline 0.023 -36"><span class='ocrx_word' id='word_1_240' title='bbox 185 3417 237 3458; x_wconf 90' lang='lat' dir='ltr'>nor</span> <span class='ocrx_word' id='word_1_241' title='bbox 268 3400 355 3481; x_wconf 84' lang='lat' dir='ltr'>ripum</span> <span class='ocrx_word' id='word_1_242' title='bbox 388 3405 467 3465; x_wconf 86' lang='lat' dir='ltr'>Lorii</span> <span class='ocrx_word' id='word_1_243' title='bbox 502 3409 583 3470; x_wconf 84' lang='lat' dir='ltr'>dicit:</span> <span class='ocrx_word' id='word_1_244' title='bbox 643 3410 700 3470; x_wconf 72' lang='lat' dir='ltr'>Aa</span> <span class='ocrx_word' id='word_1_245' title='bbox 727 3423 819 3475; x_wconf 74' lang='lat' dir='ltr'>erm</span> <span class='ocrx_word' id='word_1_246' title='bbox 846 3426 898 3487; x_wconf 75' lang='lat' dir='ltr'>tu,</span> <span class='ocrx_word' id='word_1_247' title='bbox 935 3435 999 3492; x_wconf 71' lang='lat' dir='ltr'>ego</span> <span class='ocrx_word' id='word_1_248' title='bbox 1032 3417 1080 3476; x_wconf 73' lang='lat' dir='ltr'>ad</span> 
     </span>
    </p>
   </div>
   <div class='ocr_carea' id='block_1_9' title="bbox 0 0 1202 3980">
    <p class='ocr_par' dir='ltr' id='par_1_13' title="bbox 0 0 1202 3980">
     <span class='ocr_line' id='line_1_34' title="bbox 0 0 1202 3980; baseline 0 7"><span class='ocrx_word' id='word_1_249' title='bbox 0 0 1202 3980; x_wconf 95' lang='lat' dir='ltr'> </span> 
     </span>
    </p>
   </div>
  </div>
 </body>
</html>
