2394 3980
171 243 218 310 en
418 231 572 295 concur
592 233 641 307 vr,
662 236 816 292 rs-rr.

175 401 308 466 uccxn
329 399 467 483 Virgilius
494 370 581 462 versux
606 398 703 478 quinto
730 406 760 458 et
786 397 932 458 undecimo
959 417 1060 458 secun-

176 508 239 568 uun
254 505 382 586 eclogem
399 502 549 562 emendans
563 515 661 563 versus
676 501 737 580 ejus
756 505 815 562 208
829 507 860 560 et
878 505 939 561 370
956 498 1061 558 imitari

177 613 285 688 posset.
332 607 371 665 Et
396 605 539 684 cujusnam
560 603 651 684 magis
671 602 708 676 il,
737 621 819 680 quarn
849 600 946 660 Galli
973 621 1062 680 opera

177 707 261 769 scribi
280 705 411 787 potuerit,
430 705 486 782 qui,
508 704 581 784 quod
596 703 713 765 vidimus
730 724 757 763 v.
779 709 829 774 64,
851 722 926 761 nuno
941 703 1060 762 Dccxi

114 857 125 878 .
174 809 287 894 juvenis
310 816 349 870 ’22
367 798 412 869 vel
435 814 472 868 23
493 824 628 864 annorum
645 825 703 862 una
719 824 779 864 cum
795 803 917 864 sedecim
935 804 979 865 vel
997 823 1061 884 sep·

178 910 323 974 teudecim
344 928 434 968 annos
456 914 523 967 nato
545 906 668 966 Messala
688 907 796 966 Romue
818 906 944 977 vivebat,
966 913 996 965 et
1018 905 1060 964 in-

180 1013 266 1096 genio
288 1031 339 1070 suo
361 1009 451 1070 Asinii
468 1007 605 1067 Pollionis
627 1007 775 1068 amicitiam
790 1016 826 1067 et
846 1009 882 1068 ad
904 1027 998 1066 senem
1014 1007 1061 1066 Ci-

181 1133 310 1176 ceronem
324 1111 481 1192 propiorem
495 1110 597 1170 aditum
613 1109 727 1168 meritus
744 1112 823 1169 erati
845 1109 922 1169 Fieri
938 1128 993 1167 non
1011 1127 1062 1186 po·

181 1207 251 1287 tuit,
273 1213 339 1293 quin
359 1214 417 1272 ,duo
439 1220 494 1271 tam
516 1211 623 1270 strenui
640 1219 669 1272 et
683 1207 861 1290 eloquentiis
882 1210 969 1270 dediti
981 1209 1063 1290 juve-

181 1337 243 1389 nes,
262 1314 406 1374 familiaris
417 1313 547 1372 Ciceroni
562 1313 648 1385 alter,
662 1314 733 1371 ulter
747 1313 843 1371 eodem
858 1313 952 1371 studio
966 1311 1062 1369 trium-

182 1417 242 1482 viro
263 1415 398 1484 Antonio,
421 1413 534 1492 capitoli
547 1413 691 1473 Ciceronis
712 1413 834 1480 inimico,
856 1413 971 1484 invisus,
993 1412 1062 1471 umi-
1095 1442 1097 1446 .

183 1516 318 1578 eliasibi
336 1515 443 1576 obvium
463 1515 601 1576 venirent.
645 1514 812 1594 singulares
832 1514 968 1593 ejusmodi
983 1511 1064 1572 fabu—
1181 1527 1183 1534 ’

158 1621 160 1624 ’
183 1619 242 1690 lus,
266 1615 363 1695 quales
385 1623 466 1674 erunt
487 1617 521 1674 de
543 1615 655 1694 Scyllae
675 1616 796 1676 Nisaeae
821 1617 1007 1678 conversione
1034 1620 1065 1674 et

185 1720 220 1780 cle
242 1717 364 1778 nemoris
379 1717 485 1794 Grynei
507 1716 632 1797 origine,
660 1716 753 1797 plures
773 1719 872 1778 Gallus
891 1724 1065 1797 exsequutus

185 1841 249 1884 essu
270 1821 367 1892 debet3
396 1819 525 1897 quonium
546 1819 715 1878 Parthenius
736 1819 766 1879 ei
787 1820 903 1883 Erotica
928 1820 956 1879 in
984 1836 1065 1879 usum

186 1923 325 2004 epicorum
346 1921 536 1980 narrationum
563 1929 597 1980 et'
611 1921 766 2002 elegiarum
798 1941 835 1981 ex
856 1921 986 1980 instituto
1008 1919 1065 1980 ool·

184 2025 266 2106 legit.
308 2025 351 2081 lta
373 2024 479 2081 demum
502 2022 599 2080 Gallus
619 2021 693 2080 Cir-is
715 2022 742 2080 iu
765 2023 900 2101 principio
922 2021 1065 2102 aptissime

60 2183 61 2189 ,
187 2126 223 2184 rie
243 2143 275 2183 se
295 2123 453 2201 praedicat:
475 2127 569 2182 uario
592 2124 681 2182 cdhuc
701 2124 792 2183 leudis
814 2144 908 2182 umore
925 2144 957 2182 se
973 2123 1065 2202 jactu·
1132 2170 1135 2176 .

188 2232 246 2285 turn
262 2243 339 2297 esse,
362 2243 459 2304 nempe
474 2245 555 2304 quum
573 2225 627 2284 arti
644 2225 781 2304 politicae,
802 2225 989 2303 eloquentiae,
1010 2222 1067 2282 arti

189 2325 303 2387 militari
333 2345 445 2405 operam
460 2321 564 2400 ¹daret3
605 2326 740 2403 irritoque
771 2326 894 2406 praemia
919 2327 1067 2400 fallacia
1192 2319 1193 2324 ’

189 2431 285 2508 uulgi
307 2447 339 2488 se
359 2435 519 2508 expertum,
541 2429 593 2488 lroc
609 2428 718 2507 quidem
736 2427 882 2508 imprimis,
903 2442 987 2507 quum
1003 2447 1069 2487 cnu-
1192 2441 1193 2448 ¹

192 2549 239 2588 sas
265 2535 361 2586 oraret
388 2527 526 2588 forenses.
575 2530 667 2593 Quae'
682 2550 771 2608 pauca
793 2529 925 2612 Virgilius
952 2549 990 2589 ex
1017 2530 1069 2590 lruc

192 2626 313 2687 carmine
335 2627 429 2705 petiit,
451 2648 486 2688 ea
505 2628 615 2687 minime
636 2638 828 2710 paupertatem
848 2637 972 2712 arguunt
997 2629 1069 2691 uau'·

193 2747 246 2788 vae
272 2724 440 2788 inventionis
464 2723 545 2806 (vero
571 2749 676 2808 pauper
708 2732 833 2811 rapinam
853 2731 955 2792 factam
988 2730 1071 2792 facile
1192 2777 1193 2812 ,

193 2825 344 2892 immutans
365 2819 563 2910 occultasset),
594 2831 643 2890 secl
664 2841 776 2913 gratum
797 2833 926 2893 animum.
962 2833 1070 2912 Aperte

74 3005 77 3016 ὁ
194 2933 224 2992 iu
241 2932 358 3013 eclogua
373 2931 503 3011 produnt,
519 2931 548 2991 in
564 2932 663 3010 quibus
680 2935 822 3014 depromta
837 2953 963 3014 quaeque
976 2934 1006 2992 in
1024 2955 1070 2995 se-

196 3032 300 3106 cunda,
323 3033 420 3106 tertio,
442 3040 557 3113 quarto,
578 3041 676 3107 sexta,
698 3044 798 3097 notave
817 3042 847 3095 et
867 3035 990 3108 decima,
1017 3036 1071 3097 ita·

196 3151 251 3213 que
271 3132 299 3191 iu
320 3133 422 3193 talibus
437 3135 590 3214 quibusque
603 3137 751 3217 leguntur,
772 3157 843 3215 quae
862 3155 925 3197 cum
939 3145 1072 3216 respectu

199 3234 243 3296 vel
268 3232 359 3291 Asinii
385 3233 535 3308 Pollionis,
569 3237 643 3297 Galli
672 3238 768 3309 amici,
791 3239 847 3299 vvel
879 3230 968 3317 ipsius
995 3238 1072 3299 Galli

199 3331 319 3411 scriptae
333 3338 407 3391 sunt.
456 3335 515 3394 Nec
530 3337 618 3397 minus
633 3339 724 3417 aperti
737 3340 857 3398 honores
873 3339 1024 3418 sunt,·qui
1041 3339 1072 3399 iu

199 3434 289 3494 uuna
302 3439 382 3514 pou
395 3434 530 3498 assensn
543 3439 635 3517 qnou
649 3439 894 3521 liunueorgionn,
909 3426 1071 3519 qmcnn
