2414 3978
192 262 262 324 204
465 251 619 312 aenean
642 251 681 322 x,
705 258 840 312 16-18.

191 442 251 483 cem
273 441 347 493 esse,
369 421 425 480 imo
447 428 547 480 contra
568 419 646 480 feras
668 417 752 480 alias!
776 425 876 480 contra
889 437 988 498 aprum
1002 439 1030 480 v.
1044 442 1086 504 gc,

191 524 238 602 qui
261 519 326 602 (pro
347 519 458 602 dolor!]
477 521 570 602 jocari
592 521 746 581 nesciebat.
778 519 912 580 Adonin
933 521 1087 581 semideum

191 623 296 684 Graeci
323 629 388 704 post
413 629 537 682 aetatem
563 623 679 682 Homeri
707 641 745 680 ex
773 623 867 700 Cypro
898 622 1085 701 accipiebant,

146 799 158 816 .
191 726 282 804 Syriis
302 724 490 806 religionibus
511 725 609 796 illatis,
631 743 704 802 quae
721 741 794 796 enm,
816 724 916 782 saltem
932 725 1084 801 posterius,

190 827 261 888 solis
286 835 461 905 naturaeque
487 824 636 906 genitricis¹
657 825 835 884 simulacrum
858 843 922 884 esse
944 823 1082 884 ferebant.

190 929 289 988 Adon
311 928 338 986 in
361 928 461 1008 lingua
471 927 626 986 Phoenicia
647 925 778 1004 quoniam
800 925 963 985 declarabat
985 929 1083 986 doni-

189 1051 277 1102 mm,
301 1029 367 1088 inde
388 1027 492 1088 iachim
509 1035 562 1099 est,
584 1027 883 1105 utKirissiveKyris,
906 1047 943 1086 ex
955 1021 1083 1112 Κύριος,

189 1131 406 1192 Lacedaemone
432 1131 457 1190 is
485 1131 642 1208 appellatus
668 1129 714 1187 sit.
758 1127 883 1188 Hesiodo
910 1125 1081 1209 (Apollod.

189 1234 239 1305 ΙΙΙ,
264 1240 312 1306 14,
335 1230 369 1314 4)
392 1249 429 1290 ex
450 1231 594 1290 Phoenice
615 1237 645 1290 et
664 1229 853 1309 Alphesiboea
872 1231 990 1311 genitus
1011 1239 1081 1312 mat,

188 1327 313 1413 Panyasi
335 1341 364 1394 et
384 1334 509 1413 pluribus
522 1331 683 1392 auctoribus
695 1351 733 1391 ex
743 1351 815 1412 rege
826 1331 955 1411 Assyrio,
977 1333 1079 1400 Tiraia,

189 1457 252 1497 enm
272 1435 331 1496 filia
353 1437 473 1512 Smyrna
494 1434 555 1494 sire
576 1435 701 1512 Myrrha,
723 1452 806 1512 quae,
827 1427 980 1494 secundum
991 1436 1080 1495 Anto-

189 1537 285 1598 ninum
309 1531 546 1616 (Liberalem),
574 1534 602 1592 in
625 1533 736 1593 Libano
765 1542 860 1595 monte
888 1543 956 1596 nata
977 1535 1081 1597 thorat.

188 1638 289 1698 Bionis
315 1637 344 1694 in
372 1635 474 1698 naenia
501 1634 574 1692 idem
600 1635 703 1694 dicitur
727 1637 863 1714 Assyrius
884 1637 904 1696 i.
925 1655 950 1696 e.
977 1638 1083 1715 Syrius

188 1740 293 1819 conjux
314 1737 443 1808 Veneris,
467 1737 589 1814 Cinyrae
610 1735 703 1796 filiusr
727 1738 775 1816 qui
796 1739 825 1796 iu
846 1739 908 1818 ipsa
928 1739 1081 1812 lliadeXl,

189 1841 383 1903 201audatus
405 1838 544 1916 Cinyras,
566 1838 718 1898 secundum
740 1839 952 1918 Apollodorum,
975 1861 1081 1922 proga-

187 1945 249 2003 nies
271 1943 393 2002 'Pithoni
415 1948 444 2000 et
465 1940 646 2018 Assyriorum
668 1940 807 2019 princeps,
830 1943 952 2020 Cyprum
975 1943 1081 2024 migra·

186 2045 242 2117 vit,
263 2045 390 2122 Paphum
411 2041 550 2113 condidit,
573 2050 661 2101 etex
683 2041 851 2114 illotharme,
872 2043 1077 2124 Pygmalionis,

186 2145 267 2226 regis
289 2142 394 2222 Cyprii,
416 2141 484 2215 iilia,
505 2144 616 2201 Adonin
638 2144 756 2224 genuit3
778 2145 833 2216 vel,
854 2145 930 2224 quod
949 2146 1077 2226 Hyginus

188 2253 218 2307 et
239 2246 355 2308 Ovidius
382 2245 513 2316 uadunt,
541 2263 579 2304 ex
605 2263 658 2304 sua
684 2245 773 2324 ipsius
794 2244 854 2305 tilia
875 2247 997 2325 Smyrna
1017 2247 1077 2308 sira

186 2351 312 2430 Myrrha,
334 2347 456 2426 quaein
479 2346 674 2428 cognominem
696 2347 824 2406 arborem
843 2349 965 2408 Arabiae
988 2357 1079 2410 hane

93 2473 101 2488 ·
186 2450 371 2512 formabatur.
419 2447 451 2508 ln
479 2448 592 2528 Cypriis
625 2449 777 2526 poematis,
812 2449 954 2509 Pindarus
989 2451 1080 2530 inquit

189 2549 301 2634 (Pyra.
323 2550 358 2619 ll,
380 2557 411 2610 7.
432 2550 523 2616 Nera.
547 2549 621 2620 vui,
645 2547 716 2630 30),
740 2551 877 2629 cinyras,
899 2553 981 2632 quasi
1002 2553 1078 2632 prin-

187 2673 254 2732 ecps
274 2650 419 2732 indigena,
441 2651 476 2710 ab
498 2646 628 2729 Apollin'e
650 2659 768 2726 auratas,
792 2660 821 2712 et
844 2653 963 2712 Veneris
983 2673 1079 2714 sacer-

153 2735 157 2742 *
186 2757 253 2827 dos,
279 2753 439 2824 colebatur3
467 2752 547 2830 cujus
569 2758 703 2829 nepotes,
726 2754 893 2831 Cinyridae,
924 2756 1078 2817 scholiasta

185 2864 316 2929 auctore,
339 2852 525 2916 sacerdotium
548 2853 704 2913 hereditate
725 2855 910 2934 accipiebant.
953 2857 1078 2937 Cypriis,

184 2960 336 3020 secundnm
358 2955 480 3015 Plinium
495 2955 554 3027 Vll,
577 2961 628 3027 57,
650 2958 763 3037 tegulas
784 2958 943 3030 invenerat,
963 2959 1080 3020 metalla

184 3062 269 3136 aeris,
291 3059 436 3146 forcipem,
456 3060 612 3130 martulam,
625 3067 742 3130 vectem,
757 3059 900 3134 incudem3
922 3060 1078 3121 secundnm

184 3165 357 3225 Clementem
378 3165 408 3217 et
427 3160 591 3231 Arnobium,
613 3159 746 3237 mysteria
762 3161 894 3240 Cypriae,
916 3181 955 3222 ex
976 3183 1077 3242 spuma

183 3268 293 3328 marina
314 3269 425 3332 enatae,
448 3260 575 3322 l'eneris.
597 3262 802 3340 Antiquitatem
824 3263 918 3324 edocti
941 3285 1075 3326 nonnas-

184 3369 277 3433 cinnt,
310 3380 391 3440 quam
417 3379 505 3440 saepe
529 3364 694 3424 sacerdotes
721 3362 833 3426 tabulas
859 3367 1075 3451 peregrinarum
