2394 3980
336 299 489 361 ucuoou
512 303 558 362 vr.
602 309 748 366 or—so.
929 297 1021 377 xrr'
1081 257 1084 264 ι

108 451 237 542 ipsaeque
268 466 386 526 arbores
419 487 488 546 prae
518 467 634 528 libidine
670 469 813 531 cacumine
848 479 991 533 nutarent.

109 565 185 624 Tam·
201 566 371 626 admirabilis
392 569 531 628 modulati
551 576 651 630 cantus
672 569 804 642 effectus,
827 579 925 632 nostra
945 592 992 633 aa·

107 672 164 725 tete
189 688 208 726 a
233 675 323 728 canna
348 669 440 730 aliena
469 667 538 751 (qua
560 673 642 751 pauci
664 692 774 733 versum
796 680 932 735 accurate
952 674 993 732 di-

104 787 225 864 mearum
249 790 337 840 seusu
357 772 407 832 vix
433 773 477 833 vel
505 773 541 833 ad
563 793 661 846 aures,
693 775 793 834 nedum
814 775 993 834 adanimum
1044 845 1046 852 Α

105 870 248 934 accidente
286 873 384 952 legere
425 871 531 955 sciunt)
571 895 628 933 non
670 875 769 936 defore
801 897 857 936 non
887 877 993 948 dubito,

104 971 201 1049 quibus
223 973 259 1032 ad
280 972 418 1033 ridieilum
439 994 527 1054 usque
549 984 747 1057 exaggeratus
770 994 834 1036 esse
852 979 992 1039 videatur.

104 1071 218 1154 Virgilii
245 1077 395 1152 aequales,
425 1077 472 1154 qui
498 1077 641 1154 rhythmus
669 1078 734 1156 quid
755 1078 784 1136 iu
807 1085 892 1138 cantu
914 1079 992 1138 etin

99 1175 236 1234 oratione
255 1176 365 1254 possit,
388 1184 419 1236 et
439 1177 493 1257 ipsi
514 1179 625 1258 planius
646 1179 786 1238 sentirent
807 1177 878 1258 (tarn
901 1182 993 1259 plana

104 1275 149 1346 ut',
173 1277 315 1336 Cicerone
340 1277 486 1352 {Orneon
509 1300 534 1340 c.
556 1283 613 1360 63]
638 1289 769 1354 auclore,
791 1281 990 1359 aliquandoin

102 1375 184 1467 foro,¹
211 1397 295 1456 quum
322 1379 470 1439 dichoreus
498 1388 564 1464 apte
586 1384 716 1455 caderet,
747 1383 868 1462 populus
890 1384 991 1442 Romu·

102 1498 155 1567 uus
180 1480 292 1539 laetitia
313 1481 434 1560 gestiret
455 1490 488 1542 et
508 1483 721 1565 applauderet),
750 1490 780 1544 et
801 1485 848 1562 qui
870 1481 991 1544 cumula·

103 1585 147 1638 tas
174 1602 353 1641 numerorum
382 1583 617 1645 conformationis
644 1587 741 1645 laudes
769 1606 807 1646 ex
834 1587 903 1645 artie
926 1603 990 1642 ma·
1015 1639 1018 1648 .

102 1682 202 1763 gistris
224 1684 264 1742 nil
285 1684 415 1743 admirati
437 1686 586 1745 audirent:
613 1686 634 1745 ii
656 1707 690 1745 ea
711 1687 739 1745 in
761 1709 793 1747 re
815 1692 990 1747 consecrata-

104 1804 164 1844 rum
191 1784 349 1844 fabularum
376 1784 412 1842 de
438 1785 607 1864 Amphione,
639 1788 750 1864 (lrplree
779 1795 808 1846 et
834 1787 938 1846 Arione
961 1791 990 1845 et

102 1885 245 1965 opinionis
267 1886 497 1956 recordabantur,
520 1905 591 1963 quoe
614 1887 779 1966 etiamtum
799 1887 913 1965 vigebat
933 1887 988 1944 Llr.

99 1988 153 2058 lv,
177 1992 236 2057 64,
259 2005 314 2064 qua
335 1986 471 2065 pastoris,
494 1987 638 2046 venatoris
660 1993 689 2046 et
710 2007 779 2066 apes
798 1985 923 2044 curantis
935 1987 987 2044 odi·

100 2086 208 2146 mensis
234 2086 313 2146 sonis
339 2087 418 2167 ipsae
439 2086 518 2148 ferae
539 2088 695 2149 obedirent.
739 2087 894 2160 Faunus,
924 2087 987 2146 Pici

3 2187 4 2196 ’
100 2187 191 2264 lilius,
226 2190 337 2268 priscus
357 2209 411 2248 rex
433 2190 525 2263 Latii,
559 2192 669 2266 exiis,
698 2189 743 2270 qni
764 2189 845 2268 primi
866 2189 987 2268 aliquam
1019 2187 1037 2274 ’y

99 2290 302 2349 humanitatem
323 2289 494 2360 afferebant,
518 2298 583 2368 post
604 2291 707 2351 obitum
729 2309 829 2347 numen
853 2308 987 2369 agrorum

99 2390 197 2451 faetus
222 2389 404 2460 vaticinans,
426 2391 532 2449 Fami
559 2390 578 2448 i.
601 2411 626 2448 e.
649 2390 785 2448 dementis
806 2389 917 2447 nomine
940 2408 986 2448 co·

99 2493 225 2553 lebatur.
269 2492 380 2550 Graeca
407 2510 489 2550 sacra
515 2510 597 2570 quum
624 2491 780 2562 irruerunt,
814 2489 904 2569 ipsum
927 2489 987 2568 qui-

70 2611 72 2617 ·
99 2596 163 2654 dem
188 2611 253 2651 esse
272 2592 397 2652 Panem
417 2593 560 2672 Lycaeum
580 2593 639 2654 siue
660 2593 828 2672 Lupercum,
848 2592 986 2662 Faunos
1019 2642 1025 2666 ,

101 2704 213 2767 autem,
247 2694 281 2754 ab
311 2713 345 2753 eo
374 2702 404 2754 et
424 2716 442 2754 a
463 2696 561 2754 Fauna
581 2695 641 2756 sive
661 2696 754 2754 Fatua
775 2694 883 2766 editos,
917 2714 985 2773 quo·
1027 2732 1028 2738 κ

101 2817 162 2856 rum
184 2816 243 2858 vox
265 2816 303 2854 ex
324 2796 411 2868 silvis,
434 2787 573 2877 saepeque
594 2804 704 2856 terrore
721 2797 829 2856 Panico
851 2796 881 2854 in
903 2815 985 2874 proe-

102 2898 149 2958 liis
177 2897 339 2976 audiretur,
371 2898 466 2958 Panes
493 2919 556 2960 esse
582 2898 696 2957 fabulae
716 2919 735 2957 a
755 2897 987 2974 Graeciannper

102 2999 201 3060 illatae
230 2997 408 3078 interpretati
434 3006 510 3058 suut.
552 3001 620 3070 Est,
648 3000 722 3078 quod
748 3003 847 3056 notatu
870 2997 985 3078 dignum

101 3099 426 3173 videaturwldoratium,
449 3101 578 3178 queniam
599 3101 627 3158 iu
649 3120 728 3160 usum
750 3099 934 3180 elegantioris
954 3108 985 3160 et

102 3203 320 3262 translationum
341 3202 527 3282 intelligentis
548 3202 667 3261 Romani
689 3201 814 3282 scripsit,
836 3194 986 3282 rumosam

102 3304 244 3362 Arcadico
267 3303 377 3363 nomine
399 3305 519 3374 Panem,
551 3306 601 3363 sed
622 3305 746 3363 Faunum
768 3303 890 3376 dixisse3
916 3324 983 3363 con·

102 3409 151 3462 tra
178 3404 207 3462 ia
231 3405 348 3485 Eclogis
373 3405 521 3487 Virgilium
548 3426 603 3464 non
624 3405 679 3464 nisi
699 3407 804 3482 Panem
816 3449 825 3477 ,
851 3387 983 3484 quoniam

102 3506 217 3565 Graeca
241 3505 353 3566 soboles
379 3509 596 3570 Melibocorum.
628 3508 794 3586 Tityrorum
820 3513 850 3566 et
875 3507 984 3566 Menal«
