2424 3994
365 251 519 312 ostoun
541 253 575 311 ll.
600 260 744 315 (ιιι-73.
958 257 1002 318 Ὶὸ

108 416 169 475 Sed
195 435 361 496 quamquam
390 417 485 500 frigus
499 425 551 478 em
575 419 633 479 diei
654 418 814 500 vergentis,
845 432 889 478 me
907 427 1003 480 tanen

109 523 183 578 uro
204 521 395 578 imnodtruo
423 539 509 578 amor.
524 539 535 606 J
552 519 683 598 Undique
703 518 1017 592 libidoain²1ilitudiuos¹

108 619 235 700 colligit,
259 619 487 697 quemadmodum
508 621 657 680 Theocriti
679 618 805 681 teuchus
825 620 862 691 ll,
883 629 940 682 382

178 733 324 802 Aequoris,
343 741 420 798 ecoe,
433 733 516 786 *silem
532 736 624 788 thrdtus
641 741 668 788 et
684 734 886 801 flamineum,
908 742 959 776 .·”

157 863 161 872 .
179 817 306 872 Vennum
322 817 393 872 siluit
408 820 521 878 nondun
539 819 587 874 sod
601 819 851 888 protoplaustum
927 850 932 862 ,

196 931 759 1018 ooss-to.0ptato1i0ninpetmns,
794 939 937 1018 Corydon
948 941 1016 1001 lro'
1041 901 1044 910 Ι

110 1040 215 1110 stitu‘r,
242 1045 273 1099 'et
293 1041 366 1098 irato
389 1039 481 1098 animo
503 1039 641 1098 stultitiae
662 1059 699 1098 se
715 1039 843 1112 damnat,
806 1045 1016 1181 Ι,ιιιιιιιιιιιι-ἰ

111 1142 225 1200 modum
247 1141 436 1220 Polyphemus
458 1129 609 1200 Theocriti
630 1140 682 1211 xl,
703 1145 760 1226 72ι

181 1273 357 1340 OCyolops,
370 1255 497 1340 Cyclops,
517 1289 567 1343 quo
585 1289 658 1324 mens
676 1249 780 1338 effugii
784 1234 947 1324 amore?
1010 1267 1014 1282 “

181 1357 286 1409 Tenere
303 1357 325 1408 si
343 1358 432 1408 malles
449 1356 563 1409 calathos
571 1355 767 1426 ,frondemque
784 1355 881 1431 referre
964 1347 985 1378 ⁵
1011 1361 1015 1367 '

180 1441 336 1509 Decerptam
353 1441 456 1508 pecori,
473 1433 724 1510 multo²prudentior
740 1457 824 1494 esses·
933 1467 937 1478 ·

180 1527 309 1580 Praesens
327 1531 367 1578 est
383 1525 536 1590 mulgendo,
553 1525 669 1594 sequeris
687 1526 755 1595 quid
765 1525 934 1591 saginant.

182 1610 330 1662 Invenietur
347 1609 416 1663 enim
435 1610 544 1704 Galatea
560 1610 693 1698 tostustior
709 1612 786 1681 ultro.

113 1729 275 1788 Probrum
266 1730 394 1808 insaniae
415 1730 521 1788 rustico
538 1696 686 1825 proverbio
709 1699 857 1788 dilatatur:
881 1729 967 1788 De
940 1749 1007 1790 vmo

113 1829 209 1889 bibisti
231 1830 415 1908 semiputatae
437 1831 502 1890 vitis
524 1831 552 1889 in
571 1819 684 1890 intonsa
705 1831 789 1888 ulmo.
834 1831 1008 1888 Recideban-

115 1939 162 1991 tur
183 1930 242 1990 sive
260 1931 471 2007 putabantur
493 1930 621 2007 palmites
643 1929 709 1988 vitis
729 1935 854 1999 veteres,
877 1931 1009 1987 retorridi

114 2038 146 2090 et
166 2031 288 2105 inutiles,
310 2051 422 2110 unaque
443 2029 510 2090 ulmi
524 2029 672 2088 maritatae
693 2027 820 2087 stolones
842 2029 1009 2108 supervacui

115 2137 257 2190 exhemo
271 2140 421 2192 austumno
459 2139 489 2191 ot
515 2152 583 2192 vere
615 2149 704 2208 usquo
730 2130 766 2188 ad
793 2129 1008 2208 aequinoctium,

113 2231 276 2311 priusquam
297 2232 504 2311 ignominiosus
520 2239 620 2288 cantus
641 2231 732 2288 cuculi
754 2231 907 2288 audiretur.
952 2232 1009 2288 llo-

114 2331 190 2392 nani
219 2330 351 2409 quoniam
384 2327 461 2406 pigri
483 2326 559 2384 eirca
585 2327 711 2404 pericula
730 2328 760 2384 iu
793 2329 857 2386 ultis
879 2329 1010 2398 arbustis,

113 2450 188 2512 quae
209 2431 240 2488 iu
264 2428 344 2486 ltalia
364 2426 540 2505 regnabant,
562 2425 692 2484 adeunda
713 2432 808 2484 erant:
836 2427 926 2486 Numa
946 2427 1012 2508 lege

112 2533 174 2594 iata
198 2547 249 2586 eos
272 2527 383 2608 coligit,
416 2533 448 2584 ut
468 2525 503 2586 de
524 2526 660 2606 imputata
681 2547 737 2586 nou
758 2527 889 2587 libarent
933 2529 1010 2600 lnde,

114 2631 277 2712 quicunque
309 2623 344 2686 de
364 2627 466 2688 leuiter
498 2635 598 2708 putata
623 2627 684 2689 sive
711 2634 913 2704 semiputata
943 2630 1010 2702 vite,

114 2749 188 2811 quae
210 2728 372 2787 luxuriante
386 2729 514 2802 s'roode
535 2732 647 2790 ulmea
668 2727 889 2801 obumbraretur,
911 2730 956 2790 vel
978 2730 1012 2789 li·

115 2833 213 2891 basset
233 2828 277 2891 vel
299 2829 432 2900 bibisset,
456 2830 577 2890 amentio
598 2829 718 2908 corripi,
747 2831 892 2889 commoda
913 2850 1012 2908 super·

116 2933 195 2992 stitio
224 2938 291 2989 nata
318 2935 364 2988 est
384 2929 440 2988 Lb.
461 2929 503 3000 ll,
526 2937 599 2990 40³.
642 2929 786 2988 Ulmorum
808 2929 896 2999 euim,
931 2950 1012 3009 prae-
1111 2983 1114 2990 .

115 3041 257 3110 torquato,
280 3031 356 3109 quod
377 3029 569 3100 recidebatur,
591 3029 634 3088 uti
656 3025 792 3100 diximus,
813 3029 874 3090 siue
895 3032 1012 3109 putuba-

115 3142 166 3199 tur
185 3131 248 3190 feru
269 3139 298 3189 et
327 3129 436 3188 inutilis
458 3128 619 3201 fruticatio,
648 3129 794 3190 cacumina
814 3149 926 3210 quoque
948 3139 1014 3210 post
1058 3143 1061 3149 '

116 3232 268 3293 solstitium
297 3229 486 3310 virgultorum
517 3230 640 3289 tenuium
671 3229 795 3308 (barda
824 3231 899 3290 Plio.
921 3231 1012 3302 Xl'll,

118 3340 159 3392 23
183 3351 206 3388 s.
227 3335 280 3412 35,
304 3326 374 3410 22),
403 3349 439 3388 ue
470 3329 681 3401 obumbrarent,
713 3331 933 3392 tondebantur
954 3331 1014 3392 sive

109 3431 380 3505 fraudabantur,
419 3437 448 3488 et
475 3431 511 3490 ud
538 3430 667 3508 pabulum
694 3429 897 3504 adhibebantur
918 3429 954 3488 L.
977 3429 1012 3498 ll,
