2446 3972
205 262 250 322 74
458 213 611 314 uacuas
632 255 692 328 vu,
714 263 838 318 a-1s.

205 441 266 482 cam
287 421 418 481 admixtis
438 425 594 500 capellis,
617 433 683 482 aaa·
695 424 775 502 sequi
795 442 852 482 aaa
872 424 975 502 putuit.
1019 425 1087 488 De·

204 535 381 584 erraverat
410 531 599 596 contractum,
634 525 716 604 quale
746 525 820 602 apud
846 525 1009 584 Lucretium
1036 528 1086 600 Ill,

204 634 276 688 873.
315 626 424 704 Caprae
450 647 545 686 mense
571 626 722 686 Novembri
748 626 899 704 concipere
924 633 954 686 ct
980 629 1085 688 Martio

203 747 298 788 mense
320 747 419 807 parere
440 727 583 799 solebant,
606 727 695 786 tribus
716 727 857 787 mensibus
875 736 940 808 post
961 730 1087 809 capellae

203 850 221 889 a
242 837 330 888 matre
346 829 478 907 depulsae
496 829 541 889 vel
558 829 636 888 salae
652 829 854 907 pascebantur,
876 832 921 892 vel
939 850 1000 890 cum
1019 851 1085 892 acu-

202 932 284 991 leatis
305 931 341 990 ad
363 951 414 990 ora
435 930 565 1008 captatris
585 931 671 1011 gregi
690 930 947 992 admiscebantur..
967 934 1025 992 Sed
1043 934 1086 992 bis

202 1034 345 1112 parientes
373 1032 427 1092 Lb.
449 1032 490 1105 ΙΙ,
520 1038 580 1094 150
608 1033 660 1091 sub
686 1032 802 1092 hiemem
830 1052 942 1118 quaque
974 1043 1086 1112 partum

202 1121 337 1206 adelart,
369 1135 443 1213 quod
464 1140 508 1192 cst
529 1133 557 1192 in
579 1134 668 1213 prima
688 1137 790 1216 ecloga
810 1157 839 1198 v.
862 1143 918 1196 14:
948 1137 1085 1216 ejusmodi

202 1238 328 1317 capellae
349 1237 539 1296 auctumnales
568 1236 662 1296 ethic
684 1244 713 1296 et
733 1237 787 1308 ΙΙΙ,
810 1245 849 1300 34
877 1236 1084 1318 intelliguntur.

201 1340 278 1398 Ecce
303 1339 324 1397 ii
351 1338 415 1409 tibi,
449 1358 466 1396 a
494 1357 579 1415 capra
606 1358 694 1417 usque
721 1340 756 1406 ad
784 1339 919 1418 capellas!
957 1339 1085 1418 Daphnis

202 1440 354 1509 exclamat,
385 1441 449 1496 dum
471 1439 658 1512 demonstrat,
693 1440 854 1502 advenienti
874 1441 1012 1501 Meliboea
1035 1441 1086 1502 ols-

202 1541 284 1612 riam,
306 1540 351 1599 cui
365 1539 526 1598 fruticctum
542 1558 592 1599 eus
610 1541 699 1626 aihuc
714 1541 846 1600 occultat
881 1543 989 1608 Quodsi
1005 1563 1086 1620 prae·

203 1649 281 1701 terea
303 1641 389 1728 otium
410 1640 460 1699 tibi
482 1647 540 1714 est,
563 1640 624 1700 siue
646 1659 696 1700 eos
716 1643 755 1701 ihi
776 1663 907 1721 pascere,
930 1651 959 1703 et
980 1645 1033 1706 hac
1055 1645 1085 1704 ir

201 1745 331 1802 umbrae
351 1742 492 1824 fatigante
512 1762 596 1802 cursu
616 1744 772 1821 requiesce.
814 1745 977 1824 Paulisper,
998 1765 1084 1824 quae-
1119 1782 1127 1799 κ

201 1864 249 1918 aa,
279 1846 473 1923 circumspice,
507 1865 588 1923 quam
611 1845 704 1904 amnia
724 1865 842 1905 amaena
863 1846 932 1904 sint!
976 1847 1085 1906 Tribus

197 1949 362 2028 pastoribus
383 1947 457 2006 humi
479 1948 577 2006 stratis
598 1947 663 2025 quid
685 1949 794 2015 consilii
816 1948 867 2031 sit,
896 1969 934 2007 ex
954 1948 1016 2026 ipsu
1039 1938 1102 2008 cru-⁸

201 2049 383 2109 linaearum
404 2049 560 2108 Meliboeus
586 2056 752 2128 auguratur.
802 2050 925 2128 Bauer,
959 2050 1007 2128 qui
1034 2071 1085 2129 pe-

200 2160 257 2210 tum
279 2170 345 2210 mox
366 2149 419 2228 ipsi
440 2149 555 2210 venient
576 2146 734 2228 (venierat,
764 2171 821 2214 nau
843 2150 1007 2238 uenienti,
1035 2172 1084 2212 uc-

198 2253 281 2313 miuis
309 2273 372 2314 esse
398 2252 470 2311 alius
496 2259 630 2330 possunt,
650 2246 856 2331 'praeterquam
877 2251 1083 2331 Daphnidis,

199 2355 299 2417 arbitri
320 2355 444 2428 evocati3
467 2354 521 2413 nisi
543 2354 567 2412 si
589 2354 636 2433 qui
653 2355 724 2426 sint,
746 2355 792 2433 qui
808 2356 869 2414 sinc
885 2358 1004 2437 megetia
1021 2375 1084 2418 eum

198 2459 329 2540 cogitare
350 2458 457 2517 malint.
499 2457 626 2516 Excusat
646 2475 692 2528 se,
713 2475 765 2516 cur
785 2457 830 2516 hie
850 2458 997 2535 quiescere
1018 2461 1085 2537 pu's-

199 2560 252 2630 sit,
281 2561 353 2616 bene
375 2557 565 2616 institutarum
583 2559 766 2636 juveneorum
788 2561 1004 2631 cousuetudine,
1037 2561 1084 2638 qui

168 2741 174 2754 ι
198 2678 251 2718 rua
277 2664 359 2716 sonte
385 2657 515 2729 veniant,
551 2657 680 2735 interque
710 2660 809 2720 suavia
839 2662 1001 2739 spectacula
1030 2663 1084 2720 hac
1208 2657 1209 2683 Ι

197 2760 315 2840 primum
335 2758 418 2816 laude
439 2756 521 2816 tollit.
563 2758 673 2818 Prata
695 2761 806 2820 Andina
826 2763 863 2822 ad
881 2763 1012 2822 Mincium
1033 2763 1083 2822 da·
1207 2817 1208 2844 ᾗ

198 2863 384 2932 secedebant,
406 2859 543 2950 quicirca
552 2860 695 2922 Mantuam
711 2861 739 2920 in
757 2863 847 2924 lacum
865 2858 1096 2924 eliliirndebutur.⁶
1207 2893 1208 2914 2

204 2966 333 3026 Tenere
353 2965 495 3034 arendo,
515 2983 615 3024 reeens
637 2973 736 3035 enata3
757 2971 823 3042 pert
838 2966 962 3026 brumam
981 2967 1082 3026 casua

197 3066 281 3126 batur
293 3065 333 3145 ⁹),
356 3074 385 3125 et
406 3067 442 3126 ad
463 3059 550 3136 vitei,
571 3066 600 3124 in
617 3065 729 3146 Virgilii
750 3065 842 3144 patria
862 3069 899 3128 ad
922 3074 997 3129 tecta
1013 3087 1082 3146 qua·

198 3163 482 3248 queatllsibebaturj.
509 3169 587 3226 llaec
607 3168 731 3238 arunde,
753 3168 778 3226 si
794 3187 857 3228 cum
873 3177 978 3250 argute
996 3177 1081 3230 vente

198 3289 226 3329 v.
250 3278 266 3329 1
290 3275 383 3327 mente
403 3267 599 3348 conjungitur,
626 3269 747 3350 excitu,
768 3275 867 3348 poeta,
894 3271 944 3350 qui
962 3270 1083 3332 strictim

200 3401 400 3414 w

267 3484 294 3548 ⁸)
312 3483 379 3536 Pliu.
399 3482 492 3549 XVIII,
508 3482 552 3550 85,
569 3483 594 3537 ².
