2446 3972
206 235 273 300 ma
372 286 376 293 ,
445 224 600 284 ucuoua
622 223 696 297 vua,
719 229 856 285 ιιι-ιι.

206 395 349 458 Similibus
379 394 419 454 ihi
450 394 522 466 XX,
563 403 582 457 8
609 415 628 455 a
654 394 777 454 delicata
797 395 907 453 urbana
928 397 1028 455 amabe
1051 397 1102 456 bu·

108 533 111 542 ·
206 499 305 574 buleus
326 497 467 575 repulsam
488 495 561 556 sert:

308 615 393 670 Quam
410 612 457 665 tibi
475 613 554 665 barba
570 611 629 663 fluit
645 611 731 664 mollia
749 626 895 678 suavesque
913 611 1018 680 capilli!

205 722 249 782 ad
272 719 347 799 quod
365 719 444 798 justa
465 717 513 775 ille
534 715 652 775 fidentia
673 715 817 776 exclamat
839 737 865 778 v.
889 724 946 808 ll:

309 853 379 905 Num
397 849 532 902 mortalem
551 849 630 901 alium
648 850 681 902 Di
699 865 742 900 me
758 850 861 903 finxere
878 847 1007 916 repente?
1087 916 1090 920 ³

309 939 345 988 ln'
357 953 399 989 me
415 935 498 987 forma
515 933 611 986 eteriim
628 934 737 986 florebat
754 935 919 1003 nuncmodo
938 933 1030 999 dulcis,

310 1024 430 1075 Trunoor
448 1026 477 1073 ut
494 1019 601 1084 cingunt
617 1018 738 1084 hederae,
757 1025 872 1071 mentum
890 1019 952 1071 mihi
969 1019 1103 1086 spissam

308 1108 396 1176 thue
412 1099 499 1173 arlium
517 1103 601 1158 crines
618 1103 741 1156 ludebant
757 1108 875 1171 tempora
891 1103 998 1156 circum.

216 1215 343 1280 Villam
364 1211 483 1282 barba,
508 1205 613 1269 barba
630 1213 815 1283 promissa,
836 1213 1000 1284 immacu,
1020 1226 1101 1283 pro-

169 1291 179 1308 ·
211 1321 305 1389 lixa,
326 1333 501 1392 promecas,
525 1311 685 1392 neglectum
708 1309 834 1371 ostendit
855 1309 1003 1381 culturam,
1027 1330 1101 1389 quae

208 1419 324 1490 barbam
346 1414 465 1496 requirit
485 1415 635 1493 eleganter
655 1412 819 1484 breviatum,
841 1413 976 1472 barbam
993 1425 1102 1472 atton-

209 1539 292 1590 cauae,
316 1517 425 1594 qualem
448 1515 522 1572 illam
544 1514 656 1572 bouesti
678 1513 776 1593 Tityri
798 1515 826 1586 l,
850 1522 901 1576 ιθ.
945 1513 990 1574 ef.
1013 1516 1101 1576 Juve-

210 1619 283 1681 nalis
304 1611 487 1695 σχολιαστὴς
508 1617 581 1676 Sat.
603 1615 651 1687 lV,
676 1623 747 1676 103.
792 1617 927 1675 Rusticus
949 1617 978 1675 iu
1001 1617 1102 1676 Theo·

136 1734 141 1740 '
209 1721 318 1804 phrasti
346 1717 556 1779 characteribus
584 1719 624 1790 V,
647 1738 714 1791 moa,
736 1717 897 1797 nisiquum
920 1737 938 1776 a
959 1719 1102 1778 montibus

210 1826 246 1886 ad
267 1823 364 1883 urbem
387 1820 479 1893 venit,
501 1820 615 1880 barbam
638 1827 668 1879 et
689 1820 818 1898 capillum
840 1819 894 1878 sibi
916 1819 1030 1879 tonderi
1052 1839 1102 1880 cu·

208 1935 263 1988 rat.
306 1926 494 1995 Pronum,
525 1943 576 2002 pro
604 1922 717 1983 tritiora
734 1923 897 1996 prolixa,
926 1929 1040 1982 veteres
1062 1921 1102 1980 le-
1209 1978 1210 2002 ¹

208 2030 316 2112 gebaut
337 2024 519 2086 Grammatici
541 2023 693 2084 Diomedes
715 2031 744 2083 et
765 2025 897 2097 Seruius,
926 2023 1099 2086 llafuieuscs
1209 2039 1210 2048 ¹

207 2147 330 2212 quoque.

295 2234 432 2292 37-41.
476 2229 562 2287 Teuc
583 2227 648 2286 mihi
669 2225 805 2305 perfidam
826 2247 900 2300 esre,
922 2229 971 2307 qui
993 2249 1011 2288 a
1033 2248 1101 2308 pua-
1209 2233 1210 2284 ξ

159 2367 162 2372 >
209 2334 277 2395 ritla
308 2339 389 2392 tauto
415 2338 453 2390 te.
471 2331 574 2390 ardore
599 2329 764 2390 amaverim!
794 2361 836 2376 --
862 2330 967 2389 llaturi
995 2330 1101 2389 amoris

210 2433 387 2496 adumbratio
415 2433 609 2492 Theocriteoe
635 2431 691 2503 Xl,
722 2439 761 2494 26
789 2432 878 2492 libera
900 2431 1022 2493 imitatio
1045 2439 1099 2504 est,

210 2535 258 2593 ubi
274 2534 388 2613 juvenis
411 2534 533 2612 Cyclops
554 2534 590 2591 ad
613 2535 761 2594 Galateam
782 2534 925 2613 loquitur:

312 2663 412 2730 Captus
428 2679 518 2717 amore
535 2664 573 2716 tui
590 2664 705 2732 fueram,
729 2667 762 2720 de
779 2671 883 2730 monte,
903 2668 998 2745 puella,

312 2751 398 2804 Quum
417 2747 601 2815 primumcum
619 2755 702 2814 matre
719 2768 777 2804 mea
795 2751 900 2804 fraudes
917 2750 1048 2816 hyacinthi

284 2837 287 2842 ’
310 2833 434 2890 Venisses
451 2838 567 2900 carptum
578 2834 666 2898 eduxi
684 2853 730 2890 uos
748 2836 805 2906 ipsa
822 2849 871 2903 ego
888 2837 977 2890 celles.

90 2995 91 3004 ,
209 2941 263 2998 llic
289 2941 359 3000 Nisa
380 2939 487 3020 primae
508 2939 599 2998 adhuc
621 2942 724 3001 aetatis
746 2961 827 3000 moue
848 2940 1020 3001 auctumuali
1043 2961 1101 2999 ma·

209 3046 280 3098 trem
301 3041 377 3100 illius
397 3042 473 3114 visit,
495 3043 531 3100 ab
553 3059 643 3120 eaque
664 3042 694 3126 ia
716 3044 826 3102 hortum
849 3041 1018 3123 lrugilerum
1036 3061 1101 3121 pre-

210 3140 290 3200 cibus
316 3142 484 3214 attrahitur3
519 3151 617 3220 pastor
640 3145 810 3211 adolescens
838 3153 956 3226 guarus·
977 3163 1041 3206 eam
1062 3145 1099 3207 ad

210 3241 328 3301 arbores
354 3241 572 3315 circumducit,
600 3245 648 3304 ubi
670 3245 856 3324 pulcherrima
876 3250 984 3318 mla,
1012 3247 1100 3324 cydo-

1205 511 1207 556 l

210 3339 257 3398 uio
278 3347 308 3399 et
328 3348 466 3421 grauata,
493 3364 571 3404 rore
591 3341 754 3408 matutino
776 3348 867 3407 adhuc
888 3349 1046 3420 madentia,
1070 3349 1099 3406 ia
1207 3347 1210 3354 '

210 3439 296 3498 ramis
324 3448 530 3516 matacrueraot,
564 3445 645 3508 hilari
674 3449 826 3510 sedulitate
848 3450 910 3529 ipse
932 3452 1099 3531 decerpens,
