2414 3978
220 259 231 264 ·
325 245 480 306 ECLOGA
502 245 553 318 lX,
577 253 711 310 ao-ao.
897 257 963 323 173

69 414 203 488 enotuit,
234 419 336 494 politae
357 413 502 494 praedium
523 413 684 496 integrum,
712 416 874 476 Mantuanis
896 439 962 497 pars

1 499 2 568 l
70 517 166 594 aliqua
186 497 300 575 suoram
321 533 456 596 agrorum
478 515 686 576 restitueretur.
729 519 862 588 Misera
886 519 964 579 Cre-

13 596 17 608 *
69 638 183 690 morra,
216 617 398 678 miseratione
426 616 517 697 magis
545 636 628 695 quam
657 619 839 678 accusatione
866 620 963 700 digua.

70 721 163 780 Potita
185 725 247 779 erat
268 719 430 790 honestior,
458 738 542 796 quarn
564 726 609 791 ut,
640 719 779 802 devictis
801 722 963 793 detrahent,

70 820 192 880 blandiri
224 819 357 882 voluerit.
417 821 561 880 Consueto
595 841 719 900 cycnus
751 828 872 901 poeseos
901 829 964 882 erat

0 902 1 919 Χ
69 923 182 1003 imago,
204 921 252 1000 qui
274 929 340 1000 post
361 922 488 980 detectos
509 941 527 980 a
547 923 779 983 Phocaeensibus
800 930 894 982 terras
915 943 963 983 oc-

70 1023 242 1093 cidentales,
274 1022 310 1081 ab
331 1027 428 1081 aetate
449 1021 583 1094 Hesiodi,
613 1029 698 1082 cautu
721 1043 774 1082 suo
795 1025 855 1084 alcu
876 1025 963 1104 rlpol·

69 1125 120 1182 lini
143 1128 256 1183 sacrata
278 1143 342 1182 esse
364 1123 662 1203 existimabaturllpp.
675 1125 763 1203 Mytb.
776 1127 812 1200 ll,
837 1132 960 1188 11-1a

71 1221 236 1308 (to-551).
279 1225 361 1305 rlger
382 1225 487 1283 circum
508 1226 653 1284 Mantuam
675 1226 730 1286 ΙΙΙ).
754 1229 794 1298 ΙΙ,
819 1233 890 1300 199,

171 1329 259 1384 Pascit
277 1331 321 1399 qni
338 1331 429 1386 niveos
445 1331 563 1387 herboso.
573 1331 680 1386 flamine
697 1349 801 1399 cycnos,

37 1407 41 1414 ¹
69 1429 105 1488 od
128 1427 224 1486 tritam
245 1427 413 1508 allegoriam
435 1448 470 1487 eo
492 1427 605 1488 lucilius
626 1430 793 1489 deducebat.
836 1431 961 1503 Profi-

69 1541 160 1601 reno,
198 1529 304 1588 certius
325 1529 523 1609 promittente,
547 1533 675 1604 ferant
692 1531 778 1590 llafn:
799 1550 912 1610 quoque
934 1529 966 1594 C

68 1631 163 1690 habat.
578 1651 580 1656 ’

154 1739 288 1795 ao-ao.
332 1734 390 1795 Per
411 1734 515 1804 omnia,
538 1753 612 1811 quae
632 1735 779 1815 agricolae
799 1755 868 1794 cara
883 1741 960 1807 sunt,

69 1833 188 1893 obsecro
211 1839 256 1903 te,
289 1833 394 1903 Moeri,
419 1834 542 1912 amplius
562 1853 650 1893 cauas
672 1835 707 1893 de
728 1835 876 1894 Menalcae
898 1853 960 1892 car·
1005 1885 1006 1889 ,

0 1912 1 1925 ¹
69 1934 202 1993 minibus!
236 1933 316 2004 Scis,
354 1938 487 2012 quantum
521 1953 578 2014 ego
608 1934 683 1992 bona
709 1933 834 1992 carmina
860 1952 960 1994 amem.

68 2039 132 2115 lpse
156 2033 294 2093 tantillum
317 2033 379 2114 ejas
399 2053 461 2096 sam
482 2029 605 2116 negotii,
627 2034 704 2113 qnod
724 2041 824 2114 potitos
841 2041 960 2108 uocaut3

68 2153 250 2216 quamquam,
281 2155 343 2195 meo
365 2136 499 2208 arbitrio,
528 2157 589 2196 cunr
611 2136 687 2196 veris
708 2135 863 2196 artificibus
885 2156 987 2196 coru-¹

67 2245 194 2318 parabis,
217 2245 344 2318 nugator
364 2244 481 2296 tanturn.
501 2271 545 2301 ,-
567 2237 705 2316 Virgilius
726 2237 771 2296 sni
792 2237 881 2315 ipsius
899 2238 960 2298 lau-

68 2339 190 2410 dationi,
213 2339 249 2397 ad
271 2357 352 2418 quam
374 2337 439 2396 finis
461 2356 524 2396 euru
545 2337 710 2415 propositus
731 2337 843 2418 coligit,
865 2338 960 2398 ruode-

65 2449 162 2513 ratur,
185 2440 285 2518 partim
309 2438 416 2498 rustica
437 2433 580 2497 laudantis
602 2437 797 2517 simplicitate:
827 2439 875 2518 qui
896 2439 959 2519 ejus

66 2561 168 2604 versus
190 2540 293 2600 nullan
316 2539 398 2600 aliam
420 2539 456 2598 ob
478 2542 536 2598 rem
553 2545 608 2599 tam
624 2540 756 2598 lubenter
766 2539 855 2612 audit,
876 2559 959 2619 quoru

40 2643 199 2726 ‘quonian
227 2641 305 2720 ipse,
333 2659 389 2719 qua
414 2640 511 2700 socias
538 2641 622 2721 bajus
649 2642 751 2701 nobilis
771 2641 959 2704 versificatio-

65 2747 125 2818 nis,
158 2742 259 2821 aliquir
282 2762 346 2803 ease
366 2742 480 2803 ridetur
493 2744 652 2826 agricolis,
684 2765 746 2804 cum
767 2745 958 2806 celeberrimis

65 2847 90 2910 is
111 2853 171 2905 turn
193 2844 328 2922 temporis
349 2844 470 2916 vatibus,
493 2865 659 2924 quamquam
680 2865 788 2905 summa
808 2846 957 2917 rnorlestiu,

65 2955 159 3008 tamen
199 2945 242 3004 uic
273 2963 386 3022 quoqne
417 2965 449 3004 se
482 2965 648 3024 comparare
680 2965 782 3016 ausus3
816 2946 956 3023 quomorlo

2 3027 3 3050 Χ
64 3067 156 3128 poene
187 3047 295 3126 peritus
327 3045 431 3124 aliquis
468 3051 570 3104 cantor
597 3045 722 3104 rusticus
752 3045 899 3106 flandellis
926 3053 957 3108 et

64 3148 206 3208 Sclrnlziis
234 3148 361 3208 modeste
387 3167 421 3206 se
440 3153 602 3226 postponat.
645 3146 767 3219 Partim,
796 3149 871 3230 quorl
892 3169 956 3211 rer·

63 3271 114 3310 sus
142 3256 184 3310 44
210 3250 327 3328 probat,
356 3268 393 3308 cx
417 3249 535 3308 materia
556 3250 705 3329 majorem,
733 3268 815 3328 quam
838 3269 875 3310 ex
897 3258 956 3310 tra·

6 3326 9 3377 ³
63 3350 202 3421 otatione,
224 3351 350 3428 Lycidae
373 3349 471 3410 tribuit
491 3351 679 3430 voluptatem
701 3351 763 3431 ojus
780 3351 956 3431 potissimum

63 3454 200 3524 intereat,
222 3471 274 3530 pro
295 3453 414 3515 llantur
435 3453 575 3514 remanda
596 3453 701 3517 babere
722 3453 855 3515 cumina.
897 3453 955 3514 lte-
