2424 3994
183 255 232 320 ra
447 243 659 306 eunoun-u.
686 249 829 306 ιι-ιι.

184 415 260 495 quod
280 415 356 476 ister
383 399 482 474 lrornm
505 413 696 475 inventionem
724 420 755 472 et
782 410 913 492 proxima
932 409 1081 487 intererat,

185 516 269 587 sicuti
289 515 429 576 iuteresse
444 514 555 576 soleiat
571 515 652 586 Vlll,
673 521 723 576 21.
767 515 812 572 Ex
828 512 1026 574 effectionibus
1044 513 1082 574 si·

186 617 289 678 militer
299 615 440 676 distinctis
456 615 585 696 grauiter
602 615 733 676 commoti
749 615 836 675 animi
851 621 953 675 cannas
970 633 1083 694 numme

175 719 262 800 apud
279 716 467 776 Theocritum
490 722 535 776 est
554 716 676 795 caprarii
699 723 729 776 et
746 716 887 795 Cyclopis.
931 717 1083 788 dirmetum,

187 819 362 880 ocmdelisl
397 817 575 896 praestabat,
603 817 781 896 Amaryllidis
804 817 954 897 superbiae
970 825 1001 878 et
1024 837 1085 878 mu·

76 927 79 932 '
187 921 268 980 liniri
295 917 478 999 impotentiae
502 918 712 998 obtemperare,
749 917 993 991 sivedleaalaac,
1026 918 1084 998 qui,

187 1041 352 1100 quamquem
376 1020 437 1080 sole
465 1021 597 1094 adustus,
632 1019 812 1081 nihilominus
838 1026 930 1082 tamen
958 1019 1085 1079 amabilis
1190 1087 1191 1090 Ἴ

187 1129 242 1182 est.
291 1122 392 1182 Puella
414 1130 445 1182 et
465 1142 536 1202 puer
562 1121 652 1180 eidem
676 1117 789 1182 domino
814 1121 929 1180 rusticis
951 1120 1085 1200 anemius
1190 1135 1191 1144 ³

187 1207 365 1294 sarriebant,
402 1231 433 1283 et
459 1220 565 1283 diversi
591 1229 659 1282 sunt
685 1223 721 1281 ub
751 1223 815 1281 eliis
841 1222 924 1302 hujus
954 1221 1084 1281 nominis.

139 1328 145 1347 ²
188 1325 306 1384 Nom
316 1327 396 1398 fult
409 1343 460 1403 pro
477 1325 620 1396 ferisset.
669 1321 832 1382 liriniensis
854 1324 926 1390 liber
942 1322 978 1382 B
1000 1323 1085 1382 halet

188 1427 309 1484 meliora
327 1443 364 1482 ex
379 1441 514 1488 sermono
533 1422 715 1501 quotidianae
737 1424 959 1484 consuetudinis.
1009 1423 1085 1484 Tri-

189 1530 269 1596 rtr‘e,
292 1531 437 1596 austerus,
459 1522 600 1598 difficilis,
621 1525 730 1607 gravis.
773 1525 861 1584 Color
884 1525 982 1606 niger,
1009 1523 1086 1603 quod

189 1646 274 1686 unum
291 1625 440 1686 Menalcae
454 1625 584 1697 obesset,
607 1646 689 1706 quam
705 1627 767 1687 leve
785 1633 848 1686 erat
861 1627 958 1687 vitium
972 1626 1009 1686 ed
1023 1627 1086 1707 ejus

189 1727 368 1788 comitatem!
412 1727 518 1806 Nigri
548 1726 633 1788 ilores
663 1728 784 1787 maxime
813 1747 899 1807 saepe
925 1725 1086 1788 laudantur.

189 1829 250 1888 Hoc
266 1827 410 1888 sententia
426 1835 456 1888 et
476 1828 505 1888 in
527 1829 581 1888 lroo
599 1828 662 1888 loco
679 1836 709 1888 et
725 1829 762 1900 X,
781 1837 822 1892 ³8
844 1827 1030 1890 Theocritum
1046 1827 1085 1902 X,

192 1938 231 1992 26
251 1929 387 2030 Virgilius
406 1929 531 2011 inuitatus
549 1936 607 1989 est:

258 2061 314 2123 Te,
332 2060 473 2122 Bombyca‚
492 2059 584 2122 Syram
602 2059 774 2126 compellent,
793 2057 887 2109 blanda
903 2059 999 2125 puelle,

257 2145 322 2195 Sole
339 2147 437 2206 rustum,
455 2147 573 2204 tenuem3
590 2141 689 2194 navens
705 2140 769 2194 milri
786 2157 846 2194 cere
862 2141 972 2207 videris3

167 2275 175 2281 .
257 2225 357 2292 Nigroe
373 2230 433 2278 sunt
449 2223 549 2291 violae,
568 2211 678 2293 scriptus
695 2225 771 2292 niger
789 2229 829 2280 est
845 2224 1007 2295 hyacinthus,

258 2311 293 2364 Et
309 2317 396 2364 temen
412 2309 439 2362 lri
456 2309 567 2396 priunum
584 2310 662 2363 flores
679 2311 712 2364 ed
733 2315 803 2365 'serta
819 2313 951 2378 leguntur.

190 2431 303 2516 Virgilii
321 2433 505 2508 ligustrum
518 2451 583 2490 esse
600 2430 711 2491 videtur
724 2432 928 2510 bigastrum
941 2435 1087 2512 vulgare

190 2531 264 2618 L.‚¹
276 2549 356 2608 quem
371 2529 501 2589 fruticem
518 2529 582 2590 ltali
597 2530 852 2608 antiquo-nomine,
874 2530 1086 2614 Franco-Galli

190 2638 321 2700 trottae,
345 2628 432 2708 Angli
444 2633 567 2702 priver,
592 2629 725 2690 Germani
738 2631 952 2712 llartrr‘egel,
976 2635 1084 2698 Rasn-

190 2731 294 2792 rocr'rle
318 2735 348 2788 et
370 2727 433 2788 eliis
455 2729 601 2790 vocabulis
629 2739 801 2812 nuncupant.
843 2735 932 2796 Allius
955 2734 1022 2808 llos,
1055 2738 1085 2801 in

191 2829 324 2912 oblongis
345 2835 374 2888 et
393 2828 547 2890 memoris
566 2831 703 2909 paniculis
719 2833 860 2906 inclusus,
882 2837 1007 2898 suaviter
1027 2840 1086 2900 olet
1129 2907 1131 2918 ,

190 2939 220 2992 et
238 2931 338 3010 opibus
356 2935 457 3012 gratum
479 2937 538 2990 est:
560 2932 611 2991 sed
629 2933 664 2992 ad
684 2953 825 2995 coronae
842 2957 899 2996 non
916 2939 1086 3000 adhibebunt

190 3051 253 3092 eunt
271 3031 406 3104 Romani,
434 3031 489 3091 nisi
506 3051 589 3111 quum
609 3032 769 3112 pulchriora
787 3037 928 3097 deessent
972 3041 1085 3100 'l'aruen

191 3133 346 3191 Columella
360 3131 399 3201 X,
411 3139 473 3194 300
490 3133 628 3193 celatlrum
643 3139 737 3196 niueo
756 3139 903 3215 ligustro
924 3147 1021 3214 ornat,
1044 3141 1086 3201 ita
1193 3129 1194 3156 ³

191 3232 333 3312 enimpro
352 3235 510 3309 nigraes
535 3233 627 3295 Ovidii
649 3235 718 3294 lllet.
742 3237 825 3307 ΧΙΙΙ,
847 3245 909 3301 789
932 3239 1086 3321 legendum

191 3333 263 3418 erit.¹
299 3331 409 3391 Plinius
424 3332 553 3411 pumbat,
574 3331 725 3414 ligustrum
739 3336 864 3396 italicam
882 3340 1006 3404 cumdem
1020 3361 1086 3401 esse

192 3434 334 3508 arborem,
367 3452 440 3514 quae
457 3449 582 3516 cypriae
598 3432 755 3514 Aegyptio,
789 3453 861 3516 quae
882 3437 1085 3502 luterdralres
