2446 3972
293 261 295 266 ’
350 255 506 318 acubus
528 257 602 329 vlll,
625 263 762 321 95-99.
933 272 1002 334 lle

103 433 165 498 tae,
201 389 258 486 uua
287 446 349 486 enm
377 446 446 487 ense
467 445 607 506 aereaque
634 425 747 507 effigie,
781 431 949 490 cremandae
971 441 1001 494 et

102 528 183 607 ipsae
205 526 233 587 in
254 547 356 610 rogans
377 525 548 588 inferuntur.
591 529 654 588 Non
677 545 761 588 seous
782 549 800 589 a
818 529 1000 609 pharmaceu-

103 627 160 690 tria
182 629 332 690 Theocriti
354 649 381 691 v.
406 632 466 691 53:

170 747 249 799 Hune
265 747 373 798 limbum
391 743 548 812 chlamydis,
567 761 644 815 quam
660 744 769 814 Delphis
786 745 909 814 perdidit,
929 762 999 815 eoae,

61 853 67 859 ·
170 831 250 884 Huuo
267 846 318 896 ego
335 829 484 900 discerpens
503 829 593 886 aridos
610 829 718 884 demitto
736 846 784 898 per
799 830 885 898 ignes.

103 935 164 993 Suo
192 935 281 1014 ipsius
311 935 421 994 limini
443 934 510 993 nihil
531 933 565 993 fit
586 935 622 994 ab
644 935 714 1008 ista3
742 935 779 995 ad
799 935 882 994 linren
905 941 999 995 autern

102 1035 239 1096 amatoris
271 1055 403 1114 superum
437 1036 515 1098 uirus
542 1057 595 1117 per
621 1037 726 1096 sooiaru
753 1035 894 1118 magicum
921 1037 1001 1099 altini

101 1143 185 1198 aurat
206 1158 234 1198 v.
256 1141 311 1198 58:

204 1287 278 1339 Haeo
296 1289 363 1340 mala
380 1285 441 1341 trita
458 1287 504 1340 tibi
521 1291 611 1356 potatu
629 1287 663 1340 sit
680 1287 858 1352 salamarrdra3

206 1369 335 1438 Thestyli,
353 1389 422 1426 nuno
439 1371 532 1426 herbas
549 1371 595 1424 has
613 1377 641 1424 tu
658 1387 736 1439 eape;
755 1371 872 1440 postibus
889 1377 967 1441 atque

205 1455 277 1508 lllius
295 1457 361 1508 adde
378 1473 471 1525 sapen
489 1471 547 1510 urea
563 1471 638 1509 ruens
656 1456 743 1510 delixa
760 1462 864 1510 tenetur

204 1541 315 1609 sempor
332 1540 428 1610 quippe
445 1542 551 1610 quibus3
570 1548 643 1594 curat
659 1559 709 1596 neo
725 1542 840 1614 pertidus
856 1541 913 1607 ille;

204 1623 321 1694 luspuito
338 1626 441 1680 dicans:
465 1626 517 1680 llio
532 1627 668 1696 Delphidis
686 1643 891 1698 ossaperuugo.

103 1745 217 1828 Virgilii
244 1767 329 1828 maga
350 1745 474 1827 pignore
495 1749 547 1805 suh
569 1767 630 1806 esso
653 1746 760 1822 tpairss
782 1751 898 1807 limine
919 1747 999 1807 deso·

104 1848 158 1920 dit,
181 1867 267 1926 supra
289 1847 365 1926 quod
388 1846 515 1925 Daphnis
536 1853 594 1906 tum
616 1867 703 1926 saepe
725 1867 823 1906 amans
846 1848 883 1906 ad
904 1866 999 1905 aman-

103 1956 159 2009 tern
188 1948 337 2028 ingressus
365 1954 442 2019 eret,
468 1953 501 2005 ut
528 1947 640 2016 meanis
666 1947 716 2006 illa
736 1944 844 2006 viribus
863 1939 1000 2024 vaporum

103 2049 281 2111 terrestrium
302 2067 365 2108 eum
387 2049 539 2108 attrahant.
584 2049 681 2116 Quare
703 2068 720 2109 a
742 2059 854 2120 terra,
879 2045 921 2106 rei
942 2067 999 2107 rua·

103 2153 187 2234 gioae
208 2151 356 2231 adjutrice,
378 2151 481 2210 Medea
502 2151 576 2229 apud
600 2151 729 2212 Ovidium
752 2151 834 2213 Met.
854 2149 913 2220 ΙἸΙ,
938 2156 999 2210 197

8 2259 9 2262 ’
103 2252 239 2314 auxilium
262 2259 403 2331 precatur.
446 2255 525 2309 Anus
547 2253 621 2330 apud
640 2250 768 2311 Ovidium
779 2253 868 2324 fast.
882 2252 917 2321 ΙΙ,
936 2255 997 2311 57³

8 2369 10 2424 ζ
104 2355 190 2417 etiarn
215 2353 360 2412 sollertior
388 2351 478 2411 trihus
506 2351 604 2432 digitis
633 2351 688 2410 tria
714 2370 807 2431 grana
834 2351 925 2408 thuris
946 2350 998 2407 sub

8 2441 10 2480 s
102 2456 201 2518 limine
222 2453 303 2534 pouit
324 2454 354 2512 in
376 2473 446 2513 euro
469 2453 570 2526 muris;
598 2454 731 2530 quoniam
754 2450 873 2511 Graecis
895 2453 998 2510 Roma·

102 2558 204 2634 uisque
231 2538 293 2611 mah
322 2553 416 2614 divino
442 2554 562 2633 quodum
590 2574 628 2613 ex
656 2562 750 2614 terrae
772 2552 998 2613 exhalationibus

102 2657 205 2737 spiritu
231 2654 325 2716 afflari
352 2656 514 2728 ridebatur,
546 2657 622 2735 quod
643 2658 678 2717 de
698 2656 830 2736 Apolline
851 2655 997 2716 Sminthea

104 2760 231 2819 dieentes
265 2759 436 2819 docebimur.
466 2759 627 2832 Debent,
661 2758 743 2838 quasi
775 2779 825 2819 aes
858 2759 997 2838 quoddam

103 2861 241 2932 alienum
268 2861 445 2938 Daphnidem
464 2881 554 2922 meum
577 2861 612 2921 ab
634 2861 683 2936 iis,
705 2861 787 2939 quusi
808 2881 826 2920 a
846 2857 998 2938 praedibus

103 2963 278 3044 quibusdan,
301 2968 410 3039 repeto.

190 3067 337 3125 95-99,
382 3061 427 3120 Ad
458 3079 535 3119 arem
562 3060 591 3119 in
618 3059 755 3119 interiore
781 3059 848 3121 aula
873 3061 996 3135 rediens,

104 3166 207 3227 herbas
228 3185 303 3224 nune
325 3163 421 3222 adolet
440 3170 596 3224 venenatas
615 3161 762 3234 Ponticas,
784 3182 899 3241 quarum
920 3163 997 3224 vires

103 3267 221 3327 multum
243 3266 313 3324 istos
334 3265 369 3324 ab
391 3264 473 3324 initio
495 3284 520 3324 v.
544 3271 584 3326 65
606 3273 687 3323 ustas
703 3272 846 3343 superant.
868 3297 909 3310 --
932 3265 996 3341 lpse
1025 3332 1030 3338 ¹

103 3365 228 3438 hioerie,
249 3387 369 3449 magnus
390 3366 419 3426 in
441 3366 538 3427 eadem
559 3367 679 3448 regione
700 3387 811 3450 magus,
832 3387 870 3427 ex
890 3366 996 3426 Ponto

105 3489 156 3530 eas
178 3487 230 3549 per
251 3469 418 3549 conjunctos
439 3466 541 3530 famosi
561 3469 645 3532 istius
665 3478 804 3532 terrarum
825 3467 925 3552 auguli
937 3489 996 3528 ma·
1063 3483 1066 3488 ·
