2414 3978
356 257 513 319 aenean
532 257 571 328 x,
595 262 730 342 ra-ra.
933 267 1000 328 aer

195 431 328 490 13-15.
372 428 453 506 lpsae
474 426 559 497 deae,
582 445 700 505 quarum
720 424 846 504 spirabat
866 427 999 498 earmina,

107 526 296 586 deseruerunt
325 526 474 600 afflictum
507 546 591 607 quum
623 529 668 591 vel
700 527 788 586 cullas
815 525 944 585 lauriferi
971 539 1002 587 et

107 629 197 704 valles
218 629 400 707 myricarum,
422 630 442 688 i.
464 650 490 690 e.
512 636 615 710 poetae
635 637 665 690 et
686 627 818 688 sublimes
834 638 869 688 at
890 629 1000 687 tenuia-

107 749 172 803 res‚
199 732 261 810 ejus
287 730 506 790 misericordiam
533 741 686 806 sonarent3
719 750 802 810 quum
823 731 867 790 vel
890 737 999 788 mantes

107 832 241 892 Arcadici
261 851 279 891 a
300 833 377 891 luctu
399 839 559 912 streperent
580 843 739 913 pasterum,
767 841 928 911 postquam,
951 851 1000 909 pe-

5 929 6 936 '
108 941 175 992 teas
202 935 239 992 ab
265 933 300 992 iis
322 933 469 1006 salatinrn,
502 934 631 994 defessus
658 935 687 994 in
709 942 792 994 antra
814 932 997 992 recubuerat:

108 1035 128 1096 i.
151 1055 178 1094 c.
200 1053 283 1112 quum
305 1036 350 1096 vel
372 1053 444 1116 ega,
471 1042 616 1115 poetarum
638 1036 819 1107 humillimus,
849 1042 999 1115 rogantem

5 1177 6 1182 κ
107 1141 210 1216 paster
238 1137 361 1196 carmine
382 1136 522 1196 consuler.
544 1169 587 1182 -
607 1135 782 1198 'l'heueritua
803 1134 1000 1215 exprobratio·

5 1235 6 1310 l
108 1257 175 1296 rrenr
197 1236 286 1309 illam,
322 1239 371 1317 qui
396 1235 468 1297 lieri
486 1237 624 1318 potuerit,
658 1245 692 1297 ut
717 1238 861 1317 Nymphae
887 1237 1002 1296 Siculae

108 1339 288 1419 Daphnidem
298 1357 378 1398 suum
391 1339 581 1421 negligerent,
604 1341 793 1400 additamenta·
807 1339 889 1398 auxit
903 1340 925 1412 l,
942 1347 999 1401 71:
1060 1421 1063 1428 Ι

178 1455 256 1508 Hunc
274 1455 351 1508 etiarn
368 1454 452 1520 thoes,
470 1455 549 1522 proh!
566 1456 635 1508 hunc
651 1447 748 1509 flevere
764 1455 881 1524 lupique,

177 1539 306 1608 Hancqna
322 1542 364 1594 leo
379 1539 479 1607 gemuit
495 1540 701 1594 dumetisfatum
719 1542 867 1594 obeuntem..

107 1643 250 1704 Luam
273 1645 309 1716 ll,
331 1652 382 1717 54,
404 1645 633 1706 arbermcntaua
654 1645 740 1704 Lucr.
753 1645 799 1716 Vl,
824 1604 1007 1724 151‚Apel·⁸

107 1745 162 1804 lini
188 1763 271 1803 saera
296 1755 359 1804 erat
381 1748 441 1804 llcl.
463 1748 517 1818 ΙΙΙ,
545 1755 603 1818 63,
629 1747 709 1824 eujus
736 1745 764 1803 in
791 1765 874 1806 sacre
894 1759 1001 1806 marato

107 1847 255 1906 Parnasso
277 1845 410 1922 imprimis
431 1847 578 1905 arescebat
599 1845 654 1904 bb.
676 1847 700 1902 ll
707 1888 716 1916 ‚
743 1853 797 1918 183
818 1846 884 1905 inde
905 1849 1001 1928 magui

109 1952 215 2027 poetae
237 1941 405 2019 Delphica
423 1950 523 2006 lauro
545 1945 673 2005 coronati
695 1952 772 2018 sunt,
794 1945 865 2008 fler.
883 1948 936 2014 0d.
952 1948 1001 2022 ΙΙΙ,

110 2059 166 2112 30.
187 2047 234 2121 IV,
258 2055 286 2108 2.
330 2049 475 2128 Marica,
499 2048 602 2129 plagae
623 2047 813 2107 meridionalis
834 2047 931 2108 frutex
952 2071 1001 2128 pa·

108 2153 216 2222 luster,
249 2169 330 2229 quern
352 2147 474 2210 Basilius
494 2148 647 2210 hexaem.
669 2156 687 2210 5
710 2149 791 2228 quasi
813 2149 939 2210 bilariam
961 2152 1002 2211 ri·
1122 2159 1125 2170 ’

6 2253 7 2296 l
109 2260 224 2315 ventem
244 2251 377 2330 appellat,
399 2252 441 2310 bis
457 2251 587 2331 jale,
609 2257 641 2310 Ι.
660 2247 711 2322 vl}
731 2259 772 2313 10
792 2253 829 2310 ad
850 2253 1002 2334 imaginem

109 2361 235 2435 poeseos
262 2353 414 2412 humilieris
435 2354 629 2413 adhibebatur.
671 2353 726 2411 llic
745 2352 858 2413 tandem
878 2355 1003 2432 myricae

110 2455 317 2535 intelligendae
338 2454 397 2512 sint
418 2456 454 2514 ad
465 2455 608 2514 Musarum
620 2453 753 2513 mentium
764 2456 884 2515 radices.
908 2457 1002 2516 Cardu

110 2566 215 2618 auctor
236 2562 290 2627 est,
313 2556 450 2634 Myriceei
471 2552 641 2634 etlllyriciui
653 2558 823 2638 cognomina
842 2558 1002 2638 Apollinem

111 2657 262 2743 habuisse,
295 2658 472 2738 myricaeque
499 2659 586 2718 Lesbi
617 2678 723 2720 ramum
751 2679 833 2720 manu
860 2661 1002 2736 tenuisse;
1052 2687 1056 2696 ¹

112 2761 190 2821 unde
211 2761 343 2839 myricam
374 2762 495 2841 plantam
517 2761 653 2841 appellari
673 2761 826 2824 fatidicam.
869 2765 913 2822 lta
934 2784 1003 2845 gra·
1073 2779 1074 2786 ¹

113 2865 200 2923 duum
224 2863 254 2920 in
281 2863 401 2922 dicende
422 2871 467 2942 est
487 2864 675 2942 perpetuitas:
711 2864 775 2943 lpsa
796 2863 889 2942 capita
910 2867 1028 2942 ipsae·

7 3033 8 3036 Ἴ
113 2985 181 3045 que.
198 2963 309 3024 radices
336 2965 469 3023 urentium
489 2965 634 3025 Musarum
655 2963 730 3023 Galli
757 2964 900 3024 miseritae
926 2973 1002 3040 sunt,

7 3057 8 3136 Ῑ
112 3069 182 3140 ime,
206 3066 281 3146 qued
302 3067 391 3146 majus
412 3067 459 3138 sit,
481 3072 581 3124 cantus
602 3072 746 3144 pasturum
757 3067 896 3125 Arcadum
918 3069 1004 3129 etiam

114 3167 255 3241 humiliar,
277 3188 359 3247 quem
371 3166 508 3248 Virgilius
516 3167 563 3238 Vl,
586 3175 604 3228 2
628 3166 709 3245 quasi
730 3167 903 3228 umbratilem
913 3171 1005 3230 lusum

114 3271 217 3330 Musae
243 3289 313 3330 suae
339 3275 467 3330 excusat
510 3269 570 3327 lsta
589 3267 740 3329 carminum
762 3270 952 3330 sublimiorum
974 3281 1005 3332 et

116 3370 276 3432 tenuiorum
296 3372 433 3432 salamina
454 3379 565 3451 tempus
586 3369 668 3429 nabis
688 3371 798 3434 invidit.
829 3374 872 3433 Ab
893 3372 1004 3455 ignaris

116 3473 245 3555 regulae,
266 3491 411 3536 caesuram
423 3493 518 3556 saepe,
540 3473 651 3535 hiantes
663 3476 778 3536 recales
790 3493 825 3536 ne
836 3467 1003 3555 liquescant,
