2424 3994
161 227 210 300 rc,
324 197 327 207 '
417 217 571 278 ucnous
592 217 628 278 n.
651 221 804 308 oo--so¹

161 383 307 455 haberent,
338 403 409 464 quos
426 385 521 464 pluvis
542 369 740 459 madefaceret,
763 383 896 444 hiemales
917 384 954 444 ad
971 385 1054 446 meri·

164 484 250 558 dicm3
272 485 308 545 ad
329 486 545 564 septemtriones
562 487 661 546 hortos
683 485 820 557 aestivos,
844 493 876 544 ut
892 485 991 544 umbro
1009 505 1055 544 es-

164 591 217 646 set.
259 585 380 646 Flores
400 587 489 667 igitur
509 586 554 645 hic
577 594 657 658 sunt,
681 587 729 664 qui
752 587 797 647 vel
810 589 951 660 fructus
968 606 1055 664 prae·

164 694 265 764 parant
278 686 323 747 vel
345 690 471 746 odores.
514 688 685 759 Perditus,
709 686 823 747 libidine
838 687 916 766 qnasi
932 687 1054 764 periens,

164 788 260 850 amens
279 787 366 866 Prop.
392 787 413 858 Ι,
435 795 484 858 13,
505 794 540 849 7:
565 788 663 845 codem
685 787 768 848 modo
788 787 849 846 hcl.
867 787 940 858 vill,
959 795 1000 848 88
1019 788 1057 847 de

164 907 251 948 vacco
280 887 446 965 pruriente,
482 887 584 945 Varius
608 887 644 945 de
671 885 784 948 fervore
815 888 893 948 cunis
924 887 1056 948 venatici.

124 998 129 1008 “
165 987 289 1046 Fontes
310 986 339 1048 in
363 987 447 1046 terris
470 987 650 1048 calidioribus
673 988 708 1046 ab
730 988 766 1046 iis
789 987 935 1067 imprimis,
961 986 1009 1066 qni
1027 987 1072 1063 in]

166 1087 284 1146 saltibus
302 1095 429 1167 pascunt,
458 1087 530 1146 tunti
546 1088 739 1162 aestimantur,
766 1095 807 1160 ut,
829 1092 933 1163 seretis
953 1094 983 1148 et
998 1107 1057 1147 nm·

166 1189 217 1248 bra
245 1188 319 1261 tuti,
353 1189 493 1269 religione
523 1195 552 1248 et
578 1189 729 1250 carminum
757 1187 931 1268 popularium
955 1186 1060 1248 fabulis

128 1273 130 1278 ⁵
167 1295 383 1361 consecrentur3
414 1289 490 1368 qnod
516 1290 614 1348 mirum
639 1289 677 1348 sit
704 1290 842 1348 interdum
868 1289 919 1360 iis,
952 1289 999 1368 qni
1023 1289 1059 1350 ab

167 1389 285 1446 humidis
309 1389 554 1467 septemtrionibus
574 1390 791 1471 peregrinantes
809 1391 860 1452 bas
878 1398 971 1454 terras
993 1390 1060 1451 ade·

168 1496 228 1547 unt.
271 1489 386 1548 llorueri
406 1491 506 1570 lldyss.
526 1490 616 1574 livii,
636 1497 711 1553 204:

202 1655 340 1723 Quamque
356 1655 484 1710 viatorum
500 1673 549 1726 par
565 1655 724 1710 concedebat
740 1657 773 1710 sd
790 1658 890 1724 urbem,

201 1737 351 1804 Ingrediens
369 1742 491 1806 salebris,
515 1740 582 1792 dulci
600 1743 735 1810 stabatque
752 1740 926 1810 propinquum

201 1821 293 1874 Fontis
310 1840 407 1893 aquae,
426 1825 495 1878 cives
513 1824 602 1876 latices
620 1841 671 1892 quo
689 1824 760 1877 sonte
776 1825 909 1892 petebant,

109 1903 111 1908 ⁸
203 1905 287 1962 Quem
304 1913 423 1961 struxere
439 1907 556 1973 ithacus,
573 1912 628 1960 turn
645 1909 750 1960 Neritus
768 1914 845 1975 atque
858 1909 993 1973 Polyctorr

203 1989 279 2042 Circa
295 1995 436 2059 populeum
453 1993 498 2045 sed
517 1991 590 2059 aquis
608 1993 698 2043 aderat
714 2007 805 2042 nemus
823 1993 911 2054 altum,

43 2064 274 2134 *Db-Orbe
291 2081 374 2126 satum
393 2075 451 2126 hinc
469 2080 547 2142 atque
563 2073 638 2136 hinc,
656 2074 739 2136 frigus
756 2071 865 2124 saliebat
882 2077 909 2124 et
927 2073 1012 2126 nudes

203 2157 320 2224 Rupibus
338 2171 353 2208 e
370 2157 488 2222 superis,
506 2155 675 2223 nympharum
693 2162 719 2208 et
735 2161 832 2208 structa
850 2161 905 2208 erat
923 2171 977 2222 ara,

204 2243 262 2296 Qua
279 2239 353 2293 donis
371 2240 455 2293 suevit
473 2255 567 2292 numen
584 2241 688 2306 placare
705 2240 797 2293 viator.

170 2391 271 2468 Apri,
293 2394 416 2472 quicum
435 2395 608 2475 orignatione
621 2391 828 2464 mansuefacta,
854 2393 883 2452 iu
900 2395 960 2453 lato
974 2371 1064 2452 liben-

170 2503 215 2562 ter
235 2495 398 2554 volutentur
413 2495 467 2553 lh.
492 2495 540 2563 ΙΙΙ,
557 2501 629 2564 411,
643 2494 749 2553 fontem
764 2494 991 2572 liquidissimum,
1009 2495 1065 2554 nisi

171 2595 259 2672 septis
280 2594 458 2676 arcebuntur,
478 2594 670 2671 inquinabant.
714 2593 853 2666 Fontes,
880 2601 996 2672 puteus,
1018 2594 1065 2672 qui

172 2694 298 2778 pluribus
312 2713 358 2763 ,ex
377 2693 456 2753 vanis
475 2692 592 2752 cnnlluit
608 2694 641 2765 V,
655 2699 706 2754 40.
726 2695 785 2766 Vll,
803 2699 854 2754 45.

257 2799 401 2874 tio-565.
445 2795 619 2872 Quamquam
645 2795 711 2874 quid
735 2796 853 2874 loquor'l
896 2795 961 2873 lpse
987 2793 1067 2873 agri,

172 2895 235 2953 cola
249 2894 325 2954 haud
350 2896 586 2968 contemnendus,
611 2896 666 2954 imo
686 2913 754 2974 prae
771 2894 887 2960 urbanis
908 2893 1068 2954 homiuibus

173 2994 272 3062 beatus
288 3002 342 3053 est.
367 2995 494 3056 'hiscum
511 3004 542 3056 tn
561 2998 661 3056 beatus
679 2995 728 3066 sis,
750 2995 797 3074 qui
815 3002 871 3054 tam
889 2994 1016 3056 suaviter
1035 3000 1067 3054 tn

173 3097 275 3156 umeru!
299 3129 341 3141 -
384 3097 554 3168 Quemnam,
576 3098 706 3165 demens,
729 3077 826 3175 fngisl
851 3110 930 3154 mene
953 3095 1068 3176 agrico-

172 3197 247 3262 laml
289 3197 346 3274 lpsi
367 3197 413 3256 llii
437 3207 523 3275 utque
540 3199 651 3260 Herots
674 3194 760 3260 vitam
785 3195 814 3254 in
836 3194 954 3254 saltibus
971 3202 1069 3274 pasto÷

173 3295 258 3360 talem
281 3297 436 3377 degebant!
482 3296 613 3354 Earudem
634 3314 693 3354 rem
713 3295 827 3374 juvenis
847 3295 998 3354 Theocriti
1018 3293 1069 3352 bu-

174 3398 270 3466 bulcus
293 3397 359 3466 XX,
380 3405 417 3456 33
439 3395 558 3483 puellum
576 3395 711 3454 urbanam
728 3403 757 3454 ct
773 3393 948 3456 fastidiosum
965 3394 1070 3463 liucehi¹
