2394 3980
171 257 220 323 5⁰
420 242 576 304 ddecet
596 239 645 312 Vl,
666 239 817 298 ‘rt-77.

170 433 280 479 venus.
298 410 395 472 refert.
438 411 569 490 Mopsus,
598 408 628 466 iu
648 405 765 476 vicinio,
785 402 835 462 *uti
855 395 990 459 credibile
1010 401 1066 480 est,

173 509 279 578 croculi
300 513 419 612 materni
445 512 603 584 habitans,
621 529 639 568 e
655 506 810 569 Calchante
835 519 957 582 peregre
979 504 1067 557 eunte
1135 527 1138 536 ·

173 621 367 698 iuterrogatus
388 621 448 674 ests

224 749 307 802 Miror
324 761 374 818 ego
391 761 449 798 mea
466 761 540 798 mens
557 743 677 810 intusque
694 743 796 806 stupet,
820 728 957 803 caprificus

116 866 123 882 ·
225 836 296 890 Quot
312 841 417 898 grossos
434 830 542 894 lrabeat,
560 827 677 894 gracilis3
701 837 837 876 numerum
853 819 916 872 mihi
933 817 1030 869 dices.¹

175 939 219 998 dd
240 957 314 1016 quoe
335 933 452 1014 Mopsus
475 933 640 1012 respondet:
691 943 692 948 ’

226 1042 349 1105 Millenoe
366 1065 473 1103 numero
491 1039 593 1114 decies,
611 1044 701 1098 modus
718 1046 809 1110 estque
826 1037 986 1100 medimnum
1003 1089 1004 1094 ,

230 1139 348 1190 'lentum
363 1141 402 1188 est
418 1151 470 1186 unc
487 1134 578 1200 supe'r,
597 1131 697 1183 modius
715 1141 796 1196 quam·
809 1133 903 1190 cogere
919 1119 1011 1173 nescit.

169 1257 171 1260 -
221 1259 226 1266 ·
279 1221 438 1284 ·Dixcret;
460 1226 487 1274 et
503 1215 627 1290 numerus
642 1213 720 1267 modii
737 1227 814 1264 uerus
831 1209 881 1260 icit
894 1207 948 1258 illc.

229 1300 448 1373 Calchantemquc
465 1304 542 1356 simul
557 1300 602 1353 leti
620 1298 684 1352 texit
701 1313 780 1378 sopor
796 1295 896 1346 umbre.
974 1328 976 1334 ·

178 1411 236 1472 Pro
274 1409 401 1489 Grynei
433 1404 596 1480 liciniensis
628 1403 664 1462 D
700 1386 861 1486 Cyrnaei'
880 1396 966 1456 hebet
996 1393 1068 1454 scri-

180 1513 233 1570 hse
254 1511 337 1570 vitio.
643 1500 646 1505 ’
950 1501 953 1505 ’

263 1631 421 1689 its-77.
462 1624 509 1682 lix
535 1622 579 1680 lris
606 1617 736 1682 versibus
761 1604 821 1679 tres
847 1615 1023 1697 posteriores
1050 1592 1067 1672 c

181 1728 241 1788 Giri
255 1748 288 1789 ·v.
312 1731 351 1788 59
362 1759 406 1774 --
417 1734 455 1786 61
479 1724 520 1784 cd
536 1723 650 1785 uerbum
673 1720 800 1802 expressi
818 1726 899 1790 suut,
921 1717 976 1776 nisi
993 1716 1068 1795 quod

181 1851 235 1912 pru
255 1826 311 1889 Ah
331 1831 479 1898 timidos,
512 1815 700 1897 ferventiore,
730 1827 907 1901 deprensos
932 1819 972 1880 ibi
992 1819 1069 1876 lente

182 1932 293 1992 dicitur.
341 1931 502 1989 Praeterea,
523 1929 572 2010 elii
597 1947 708 2008 quoque
741 1925 836 1985 eximii
862 1921 917 1982 loci
944 1920 1068 1999 ejusdem

182 2033 319 2114 pc'e‘metis
336 2039 421 2101 ,cuut,
444 2050 515 2108 quos
536 2029 673 2110 Virgilius
694 2028 723 2086 iu
745 2046 850 2086 summe
871 2023 960 2103 ipsius
982 2040 1069 2101 opere

183 2133 338 2196 transtulit,
382 2122 664 2203 Quaeritur-,utrum
686 2149 723 2187 ex
744 2148 796 2186 suo
818 2125 941 2185 carmine
958 2113 1069 2203 juveni·

183 2234 221 2306 li,
236 2233 462 2311 quenadmodum
481 2233 561 2311 pluro
573 2232 727 2304 senece,
749 2229 778 2287 iu
794 2226 966 2307 perfectiore
981 2242 1069 2303 opere

184 2337 348 2396 emendatos
370 2335 608 2414 transscripserit3
631 2354 666 2393 en
689 2332 724 2392 cb
745 2330 837 2390 elieuo
859 2334 890 2387 et
910 2348 928 2388 c
949 2345 1068 2405 quencur
1189 2351 1190 2414 p

185 2459 236 2498 eos
258 2437 404 2518 petiverit,
425 2457 488 2494 unm
511 2435 697 2495 recentiorem
712 2433 837 2511 ,aliquem
858 2428 970 2489 furtivis
992 2428 1068 2488 colo-

185 2540 263 2598 ribus
285 2546 340 2596 tem
360 2538 494 2596 virrce'sllidc
520 2557 586 2595 sues
613 2537 721 2614 plumos
748 2551 917 2604 exornasse,
951 2531 981 2589 id
1006 2530 1068 2608 ipse

187 2639 222 2697 ed
240 2638 389 2696 Mensulam
411 2636 556 2716 inscriptio
577 2636 734 2718 redarguit.
777 2633 888 2716 Virgilii
908 2642 1000 2691 eutem
1020 2629 1068 2692 vix

187 2758 251 2798 erse
271 2757 383 2798 carmen
406 2745 516 2816 potest,
548 2757 646 2816 quum,
682 2743 795 2817 practer
815 2734 992 2796 temerarium
1019 2731 1069 2792 eli·

187 2860 268 2920 quem
287 2841 361 2919 opud
373 2839 501 2900 Servium
520 2840 571 2913 Vl,
588 2849 622 2913 ,3,
642 2839 673 2909 id
695 2839 721 2898 ci
737 2859 773 2898 ue
789 2833 993 2898 Grammaticus
1010 2831 1069 2910 qui-

119 2991 122 3000 .
186 2943 250 3002 dem
265 2937 384 3015 tribuet,
395 2960 497 3021 'neque
515 2941 660 3001 exordium
676 2960 738 3001 cum
754 2941 816 3019 ejus
831 2944 925 2999 cetete
939 2942 970 2994 et
984 2934 1068 2994 reim

185 3043 319 3122 privetis,
342 3065 396 3104 nec
415 3065 507 3104 sermo
529 3063 591 3106 cum
609 3044 670 3123 ejus
686 3041 800 3120 suppari
816 3047 942 3118 tempore
957 3023 1068 3115 scriptis

186 3149 336 3223 congruet.
373 3145 482 3205 ductor
496 3145 543 3205 ubi
557 3145 706 3204 Mersolem
718 3141 871 3220 alloquitur
882 3159 911 3210 u.
929 3147 1000 3199 1-
1013 3143 1067 3198 472

167 3243 359 3321 *Quemquam
380 3245 416 3302 eb
437 3245 527 3304 leudis
547 3263 641 3304 onore
662 3250 699 3304 et¹
711 3264 729 3302 s
743 3225 837 3302 lelleci
852 3259 922 3301 eure
941 3237 1070 3320 populari

185 3346 222 3404 ed
247 3344 358 3403 Atticos
382 3345 480 3403 hortos
506 3345 660 3424 sapientise
679 3343 700 3402 i.
722 3363 748 3402 e.
768 3344 924 3422 Epicureos
950 3338 1071 3420 dnum»

186 3463 240 3504 ree
259 3463 293 3503 ss
313 3450 475 3516 convertet,
506 3439 645 3506 dloerdee
674 3454 767 3505 umen
787 3445 842 3504 hoe
870 3461 984 3514 munus,
1016 3441 1068 3512 cit,
