2424 3994
404 223 558 287 acuum
579 227 743 290 'uanum
977 241 1021 304 ω

80 429 88 434 -
167 385 219 453 Μ.
264 383 374 456 Dulea
400 389 492 457 satis
527 388 659 471 humer,
702 389 852 476 depulsis
885 389 1021 464 arbutus

329 565 333 570 ¹
533 488 661 572 haedis,

122 587 234 652 Lenta
252 585 340 651 salix
360 585 452 657 foetu
472 589 600 674 peeori3
625 589 699 654 mihi
718 589 809 655 solus
828 591 1001 674 Amyntas.

165 686 217 758 D.
250 687 641 772 ,Pellieauratuostratm
660 691 1020 780 quamvisestrustiea,

530 789 676 856 Musam=
973 852 975 856 .

122 888 293 972 Pierides,
315 885 451 954 vitulam
470 889 589 956 laeteri
605 891 735 976 paseite
755 896 884 961 vestre!
1021 912 1060 968 85

166 986 219 1054 M.
263 987 369 1054 Pollio
392 997 426 1056 et
448 989 521 1074 ipse
544 990 627 1055 fauit
648 1011 734 1056 nera
761 997 924 1068 earmina:
947 1019 1021 1084 pas·

532 1091 598 1155 cite
619 1097 762 1174 taurum,

121 1189 202 1255 Jam
221 1209 322 1255 eornu
335 1197 428 1274 petat
440 1197 474 1257 et
489 1189 629 1276 pedibus
642 1191 696 1278 qui
715 1201 853 1280 spargat
867 1194 1018 1262 arenam!

167 1289 216 1355 Ι).
260 1286 324 1363 (tui
348 1299 399 1374 te,
432 1289 556 1374 Pollio,
589 1287 697 1377 amat,
731 1294 855 1376 veniat,
890 1315 953 1381 que
984 1304 1020 1361 te

511 1395 820 1480 mmmmm

118 1487 229 1558 Mella
249 1490 425 1576 furemini,
448 1491 537 1558 ferat
556 1502 590 1558 et
605 1491 706 1559 rubus
722 1515 823 1580 asper
839 1494 1021 1564 amomum!

166 1591 219 1658 M.
263 1592 325 1666 Qui
344 1593 481 1659 Bavium
499 1594 654 1674 nouauit,
675 1603 767 1661 amet
781 1602 840 1661 tua
858 1598 1063 1682 carminum

529 1693 654 1760 Maeui!
710 1715 713 1720 ’

123 1793 236 1882 Atque
255 1796 344 1861 idem
363 1797 478 1879 jungat
496 1795 613 1879 vulpes
635 1802 670 1859 et
685 1795 836 1878 mulgeat
853 1795 977 1863 hireos!

169 1895 218 1962 Ι).
262 1896 326 1969 Qui
338 1895 450 1980 legitis
463 1893 564 1959 fleres
577 1901 610 1958 et
623 1893 712 1958 humi
724 1897 897 1960 nascentia
910 1896 1020 1981 fraga,

60 2049 63 2056 .
123 1985 297 2082 Frigidus,
320 2019 340 2062 e
363 1980 473 2082 pueti,
496 1993 602 2086 fugite
625 1991 715 2060 hine!
744 1996 827 2061 latet
849 1995 967 2081 anguis
989 1995 1021 2062 in

531 2091 650 2161 herba!

169 2195 221 2262 Μ.
263 2195 416 2281 Parcite,
440 2214 536 2278 oves,
565 2194 698 2259 nimium
723 2195 923 2280 proaedere!
956 2219 1021 2262 non

534 2293 619 2356 berte
641 2295 735 2376 ripae

123 2393 297 2468 Creditur!
329 2395 402 2478 ipse
422 2391 511 2456 aries
530 2389 629 2456 etiam
651 2411 738 2456 mmo
756 2391 884 2457 vellera
900 2394 1062 2464 sieeatlttu

168 2495 221 2561 11.
264 2493 394 2576 Tityre,
407 2491 1023 2581 pascentesassumiuereieueapeltal

99 2597 223 2683 ΧΙρειο,
246 2585 300 2660 ub'i
318 2599 449 2681 tempus
470 2594 548 2677 erit,
572 2614 689 2658 omnes
705 2592 737 2658 iu
758 2591 850 2660 fonte
871 2593 999 2662 lavabo.

169 2695 222 2762 M.
268 2695 387 2782 cogito
408 2718 504 2781 oves,
538 2691 646 2782 pueri!
682 2693 710 2758 si
730 2694 787 2761 lae
812 2699 1024 2781 praeeeperit
1069 2749 1075 2760 .
1124 2749 1126 2763 .

533 2805 660 2880 aestuS,

126 2897 173 2964 Ut
190 2918 311 2983 nuper;
333 2895 459 2962 frustra
477 2895 705 2981 pressabimus
724 2893 830 2960 ubera
851 2894 980 2980 palmis.

170 2997 219 3065 D.
265 2996 358 3082 Heu,
380 2991 460 3062 heu!
484 3017 581 3083 quam
604 2995 715 3081 pingui
737 3014 852 3060 maeer
871 3003 923 3062 est
944 2997 1084 3070 mihitou

535 3102 650 3159 taurus
669 3092 702 3157 in
721 3091 814 3159 ervo!

127 3197 221 3264 Idem
239 3219 333 3264 amor
349 3195 483 3262 exitium
495 3192 621 3281 peeori,
636 3194 832 3281 pauorisque
847 3196 1021 3282 magistro!

172 3295 224 3366 Μ.
266 3297 328 3364 Bis
344 3303 438 3364 uerte
456 3315 564 3384 nequa
581 3314 674 3361 emor
691 3313 796 3362 eausa
813 3305 882 3377 est;
905 3297 958 3361 rix
972 3317 1024 3360 us-

533 3394 627 3461 sibus
641 3391 823 3542 haerent!6
