2424 3994
167 278 217 343 so
428 266 585 328 bernosa
608 269 628 327 1.
653 236 798 330 aoss-as.

166 438 331 512 plautum
358 443 410 498 est.
453 437 512 496 Pro
539 442 576 496 tn
603 439 718 498 littore
739 436 902 498 tlatniensis
929 439 1001 499 liber
1027 441 1062 500 A

169 541 218 600 ad
245 541 366 598 littora
395 541 525 618 praebet,
568 538 732 598 diversitate
764 559 835 599 sane
871 541 1060 614 memorabili3

169 659 226 718 qua
240 639 293 698 nisi
307 659 380 698 unus
402 639 529 698 differret
550 640 585 697 ah
601 640 716 718 reliquis
738 647 787 698 aut
809 640 959 722 explicatio
981 642 1061 720 prius

169 741 324 799 habendum
346 747 438 812 osseis
468 746 518 800 aut
545 739 574 797 in
596 759 720 799 errorem
742 746 779 800 trs
799 737 933 800 aethere
953 742 1061 802 scribas

144 842 317 910 *induxisse
347 841 525 900 eredendum.
579 842 689 902 Mutato
717 840 804 921 plaga
834 839 945 900 facilius
974 842 1061 901 Par·

169 940 247 1002 ttae
266 963 293 1002 v.
316 949 356 1002 66
378 941 431 1000 sub
450 940 599 1018 occidente
620 942 690 1015 sole,
712 943 764 1000 sub
788 943 898 1002 oriente
922 941 1061 1003 Germa·

170 1063 235 1104 aas
249 1042 395 1102 habitabit.
438 1043 552 1114 Fines,
577 1043 688 1102 termini
699 1043 775 1101 urbis
796 1050 943 1117 terrarum,
966 1062 1061 1121 quem.

170 1145 318 1205 admodum
343 1143 417 1222 apud
439 1143 598 1203 Nemesian.
620 1163 736 1223 ομπος.
758 1150 801 1206 65
828 1149 973 1223 geminis
999 1144 1061 1204 sub

163 1245 300 1320 finibus.
344 1245 427 1310 Quae
447 1245 488 1303 ita
506 1265 543 1304 ne
564 1245 697 1304 mutanda
718 1246 826 1323 quidem
843 1252 927 1304 erant
948 1245 1061 1305 diversa

166 1345 324 1414 domicilia,
368 1344 476 1403 etiamsi
514 1353 564 1404 out
596 1345 685 1424 ipsum
720 1347 871 1406 occidisset
902 1346 1061 1404 Romanum

170 1447 313 1526 imperium
345 1451 395 1504 out
420 1449 509 1503 totum
541 1446 569 1508 id
596 1447 697 1524 aliquis
728 1453 919 1528 peragrasset.
970 1447 1060 1506 Ambo

170 1547 266 1628 populi
291 1545 463 1624 reipublicae
484 1535 630 1608 Romanae
651 1547 825 1609 infestissimi
858 1546 982 1608 etfama
1009 1568 1060 1606 no·

167 1647 270 1708 tissimi
292 1653 388 1718 erant,
402 1685 407 1693 =-
424 1665 495 1724 quos
517 1649 659 1708 atrocibus
687 1650 801 1728 proeliis
822 1657 851 1708 et
878 1649 1060 1708 redeuntibus

171 1751 280 1810 domum
310 1747 444 1806 militibus
471 1749 556 1808 etiam
587 1749 674 1809 infimi
697 1751 816 1810 Romani
844 1769 906 1809 cum
938 1750 1061 1810 breviter

170 1847 340 1930 significatis
354 1847 446 1909 fluviis
469 1850 600 1931 cognitos
618 1853 766 1911 habuerint
786 1858 907 1930 oportet.
951 1850 1061 1910 Galliae

103 1957 109 1968 '
171 1951 280 2029 quidem
302 1957 355 2022 est,
378 1970 468 2029 neque
490 1953 659 2015 Germaniae
669 1953 765 2012 Arar
786 1952 845 2012 sive
854 1951 989 2023 Araris,
1013 1951 1061 2029 qul

172 2050 287 2124 fluvius,
325 2053 477 2112 Sauconna
507 2060 621 2131 postea,
657 2071 730 2109 nune
761 2053 858 2108 Saone
892 2051 1060 2124 nominatus,

173 2173 260 2231 prope
275 2152 446 2232 Lugdunum
469 2149 565 2230 (Lyon
587 2150 682 2210 urbem
705 2151 789 2208 hodie
809 2145 918 2228 dieunt)
941 2149 969 2207 in
983 2150 1061 2208 Rho-

172 2255 273 2312 danum
302 2253 440 2334 (Rhene)
463 2250 564 2310 influit.
606 2251 664 2310 Sed
685 2235 782 2330 Tityri
809 2258 903 2310 aetate
931 2251 1013 2309 otiam
1042 2273 1061 2310 a

172 2355 343 2414 doctioribus
365 2355 433 2414 viris
461 2355 496 2412 de
517 2351 619 2412 finibus
648 2352 775 2423 illorum,
811 2351 937 2412 terminis
959 2373 1060 2431 nuper-

169 2455 240 2516 rime
261 2457 456 2524 discretarum,
478 2461 614 2534 terrarum
637 2453 758 2510 dubitari
778 2460 904 2530 poterat,
927 2472 996 2530 quas
1018 2453 1060 2511 in·

174 2565 251 2616 certa
271 2545 348 2634 prius
370 2561 420 2610 aut
431 2553 572 2610 Celtarum
594 2551 629 2608 ab
651 2551 807 2620 occidente,
829 2559 878 2611 out
893 2553 1061 2629 Scytharum

172 2677 190 2715 a
211 2651 453 2734 septemtrionibus
486 2651 597 2708 nomine
619 2649 764 2727 complexa
785 2642 907 2710 fuerant.
952 2652 1008 2710 lma
1031 2652 1060 2713 in

173 2753 368 2816 Eratosthenis
402 2750 511 2820 tabula,
548 2769 629 2827 quae·
651 2757 710 2808 tum
737 2751 907 2812 auctoritato
938 2753 1059 2827 valebat,

172 2858 336 2915 Rhodanum
345 2850 444 2908 Araris
465 2869 526 2909 eum
540 2851 639 2908 Rheno
662 2852 853 2932 conjungebat
865 2853 919 2914 Lb.
941 2854 963 2926 l,
986 2861 1058 2925 481,

172 2959 267 3034 itaque
293 2959 414 3032 poterat·
427 2969 516 3028 oeque
545 2959 631 3030 atque
651 2952 698 3012 ille
721 2954 863 3013 Celtarum
891 2961 921 3014 et
942 2957 1059 3014 Germa·

172 3075 269 3116 norum
296 3053 360 3111 linis
392 3053 498 3114 haberi.
554 3053 671 3132 Ytgrts
702 3052 819 3125 fluvius,
853 3055 907 3114 boa
934 3053 1058 3134 sagittae

173 3156 284 3214 nomine
304 3175 355 3233 per
375 3155 551 3234 rapiditatem
575 3174 674 3213 cursus
695 3155 860 3234 appellatus,
883 3155 911 3212 in
927 3155 1059 3214 Armenia

172 3259 278 3336 majore
300 3256 408 3327 oritur3
425 3255 509 3314 alluit
529 3255 594 3314 inde
616 3277 693 3314 oram
714 3256 875 3314 ulteriorem
896 3255 1058 3332 Mesopota·

173 3357 259 3426 miae,
290 3358 370 3437 eujus
392 3364 486 3414 terrae
517 3355 631 3414 citerior
663 3354 778 3424 fluvius,
808 3355 981 3432 Euphrates,
1013 3374 1057 3413 re-

172 3477 258 3538 gnum
280 3458 438 3518 Parthicum
461 3455 642 3528 ternrinuhat3
676 3473 793 3532 quocum
815 3455 981 3534 conjunctus
1003 3453 1057 3512 Ti-
