2392 3986
212 273 279 336 {88
461 265 615 326 ECLOGA
637 263 684 334 lVJ.
708 265 854 324 63—59.

211 433 260 491 seu
288 433 324 491 nd
352 449 413 492 eum
441 433 543 492 mentis
579 431 747 504 sanitatem,
776 431 887 510 quolem
920 429 1056 490 Horatius
1085 433 1096 490 l

211 533 263 592 ud.
286 541 336 604 3¹,
361 540 400 594 17
410 555 418 592 τ

214 659 218 665 ’
277 664 343 717 Frui
359 664 456 734 paratis
474 671 500 717 ct
517 664 602 717 valido
620 665 692 730 mibi,

278 750 375 812 Latoe,
394 751 489 813 dones,
507 755 547 814 et,
565 765 672 816 precor,
691 747 794 814 integra

345 834 411 886 Cum
429 837 529 896 urente3
546 847 596 886 nec
612 839 714 900 turpem
732 837 863 885 senectam

310 917 427 983 Degere,
445 933 495 970 nec
511 916 608 970 cithara
625 923 765 970 carentem.

210 1023 378 1098 Spiritus,
417 1033 546 1102 quanm
575 1022 648 1096 ejece
680 1041 764 1098 pare
791 1019 913 1080 sufficiet
939 1021 977 1094 ud
997 1023 1115 1096 facta,

210 1123 368 1202 exspectcti
389 1122 439 1182 lilii
461 1123 644 1192 celebrando3
677 1141 733 1180 uon
756 1123 838 1180 ruodo
866 1120 966 1184 bellico
995 1122 1099 1182 heroici

205 1224 320 1305 juvenis
345 1246 373 1285 v.
404 1229 453 1294 35,
481 1231 577 1284 verum
612 1230 641 1281 et
668 1223 760 1303 magis
793 1223 877 1282 otium
904 1222 983 1300 pccis
1012 1231 1097 1294 ortes,

210 1325 326 1403 quibus,
355 1324 428 1385 virili
453 1330 548 1382 uctote
575 1323 751 1401 amplissimis
781 1323 936 1384 bonoribus
964 1322 1108 1404 fungens„

209 1432 338 1503 pecatum
371 1425 578 1502 rempublicam
602 1421 775 1483 laetificabit.
830 1425 948 1484 l’o'e'ticc
983 1425 1097 1496 (lictum,

210 1526 319 1584 scribae
351 1533 446 1596 eruut,
488 1525 535 1603 qui
567 1525 794 1604 cupedeseem
825 1545 982 1588 sermonem
1006 1526 1097 1606 ‹lepri-

209 1634 333 1697 merent,
377 1626 420 1687 vel
458 1638 526 1685 tam
566 1628 666 1704 longe
699 1627 740 1684 rel
772 1639 840 1686 mm
872 1628 998 1705 longae
1029 1628 1097 1686 scri·
1182 1607 1183 1690 i

208 1728 324 1802 bootem
373 1745 445 1805 quoe
495 1728 587 1808 mergis
629 1729 714 1788 etium
757 1728 899 1798 temer-urii
942 1729 1097 1788 scribentes

209 1840 277 1888 nm
291 1832 399 1907 ,longe
426 1827 595 1900 miscebunt3
627 1827 715 1887 fuisso
742 1847 852 1906 quoque
879 1829 1025 1902 videntur,
1052 1829 1098 1909 qui

208 1930 410 2007 spirituale
432 1930 522 1988 altero
544 1950 626 2000 cusu,
654 1929 701 1988 ubi
722 1949 763 1988 cu
790 1929 968 2007 producitur,
997 1930 1097 2004 intelli-

208 2038 321 2110 gerent.
365 2033 531 2105 repereras,
554 2030 660 2100 anime,
697 2029 796 2110 vigor,
825 2031 934 2090 unimus
956 2051 1019 2090 cum
1041 2031 1097 2090 for·

208 2129 328 2189 titudine
350 2130 524 2208 conjunctus.

292 2231 381 2290 Nemo
404 2230 620 2290 clurissimorum
635 2237 748 2303 *votum
771 2230 818 2310 qui
834 2237 961 2312 tempore
973 2235 1096 2306 beroien,

209 2333 283 2410 quod
304 2333 392 2392 instet
412 2354 439 2393 v.
462 2329 521 2404 34,
542 2331 633 2392 coiis
656 2333 714 2392 cuti
736 2341 817 2404 suut,
840 2355 930 2412 neque
949 2334 1097 2414 orpheus

209 2435 325 2512 uliquis,
354 2454 408 2493 noc
438 2433 543 2505 Linus,
576 2441 633 2492 tum
667 2435 762 2494 vincet
781 2455 842 2506 me,
877 2436 922 2495 cui
948 2435 1028 2496 foetu
1051 2445 1098 2498 tue

207 2535 296 2612 pluris
318 2539 415 2604 crunt,
438 2551 518 2608 quum
541 2535 641 2592 Musae
667 2535 785 2614 alicujus
815 2536 859 2596 vel
888 2537 1027 2615 Apollinis
1057 2540 1098 2598 ui-
1182 2531 1183 2610 J

129 2649 135 2660 ’
206 2634 289 2694 vinus
310 2631 433 2690 efflatus.
455 2662 498 2676 --
541 2633 670 2710 Superbe
697 2635 799 2694 dictum
828 2637 965 2696 modestia
992 2647 1098 2718 tempe·

205 2733 290 2794 revit.
345 2729 495 2809 Orpheus
523 2732 576 2792 Lb.
605 2735 652 2806 ll',
686 2742 747 2797 454
762 2801 765 2806 ,
779 2757 815 2794 cx
849 2738 978 2819 Oeagro,
1011 2740 1099 2802 fluvio
1182 2753 1183 2774 i

80 2827 104 2834 ”
207 2834 365 2906 Thraciae,
393 2841 423 2894 et
444 2835 560 2894 lroroicu
581 2837 664 2894 bluso
692 2837 864 2914 Calliope,
893 2841 954 2910 vcl,
985 2843 1100 2908 Graece

206 2937 346 3014 positione
387 2930 584 3011 Calliopea,
631 2945 714 2996 notus
753 2945 824 2998 erut.
874 2939 1010 3013 *Lenem
1044 2945 1100 3005 buc

205 3038 319 3097 nornine
345 3039 431 3108 alter,
464 3058 500 3098 cx
529 3039 674 3098 tritissima
699 3038 795 3101 subulo
820 3037 895 3098 filius
923 3041 1100 3116 Apollinis

108 3161 112 3164 ·
206 3146 236 3197 et
262 3136 496 3216 Terpriclaeorec
518 3140 635 3211 Musae,
658 3141 768 3198 'Pbobis
790 3160 879 3219 oeque
901 3151 987 3220 utque
1018 3145 1099 3226 prior

205 3238 259 3298 isto
281 3241 335 3310 Vl,
358 3247 399 3300 67
421 3238 544 3298 coruino
564 3240 690 3301 bucolice
712 3249 866 3320 punxerut,
894 3251 924 3302 ct
945 3245 1100 3324 Orpheum,

204 3341 368 3417 Thamyran
397 3341 533 3400 docuerot
559 3347 588 3398 et
616 3343 763 3403 Herculem
786 3343 934 3422 juvenem,
966 3347 1032 3424 qui,
1062 3348 1101 3407 ob

204 3460 317 3501 errores
337 3458 406 3498 suos
428 3439 553 3512 tiernus,
576 3441 638 3518 lyra
659 3463 720 3504 eum
742 3444 858 3504 cecidit:
887 3447 992 3520 eidem,
1021 3449 1101 3528 quod
