2446 3972
210 235 280 298 rao
446 223 603 285 aenean
625 223 700 296 vm,
722 225 858 287 ἰθ-τε
950 185 953 190 ’

208 397 373 456 alterutram
403 391 534 452 deducat.
578 391 749 450 'tertianae
775 389 886 472 igiturt
918 393 964 452 ita
984 393 1110 456 uidetur.

209 494 345 568 venefici,
367 513 405 553 ex
427 500 544 554 auctore
566 493 687 571 quodam
709 493 870 574 antiquiore
891 494 986 556 scriba
1006 495 1108 570 refert,

209 596 257 678 qui
285 595 413 657 Servium
443 595 587 674 excerpsit
614 593 693 674 (nem
723 595 758 653 ad
780 617 808 656 v·
831 604 873 658 80
895 595 957 674 ipse
979 597 1109 678 obloqui·

209 695 285 779 an),
306 697 442 757 amatoris
463 695 589 776 effigiem
610 694 826 757 circumferunt:
854 718 956 757 unam
978 719 1016 760 ex
1038 701 1107 772 lino,

172 801 175 809 “
208 803 353 861 alterum
375 817 413 856 ex
435 799 506 870 luto,
528 803 665 857 tertiam
687 816 725 856 ex
748 817 824 858 cera.
869 800 989 860 Canidia
1013 810 1108 862 autem

138 905 143 916 ’
209 900 322 962 Horatii
347 901 421 960 Sat.
443 901 470 973 Ι,
500 909 533 973 8,
562 908 603 960 30
630 900 764 980 majorem
790 900 943 983 imaginem
971 907 1108 982 proponit

209 995 336 1074 laneam,
373 1001 507 1061 minorem
540 1019 666 1073 ceream,
706 1020 795 1080 quae,
829 1003 906 1062 iiiam
928 1004 1108 1083 auppbeitur

209 1125 306 1177 orans,
328 1123 447 1184 poenam
467 1111 619 1182 exspectat
637 1102 768 1162 incendii.
812 1105 911 1186 imago
932 1106 991 1165 iilic
1012 1125 1107 1184 quen·

210 1207 358 1269 mnodum
378 1207 463 1267 lanea
483 1207 571 1284 ipsum
593 1205 740 1265 Canidiam
763 1205 920 1286 significat,
942 1227 1000 1266 non
1022 1206 1107 1267 etiter

212 1315 338 1370 mosba-
363 1309 400 1368 ad
429 1329 541 1390 magam
564 1307 642 1387 prius
663 1307 868 1380 circumvoluta
889 1316 1015 1388 spectat,
1043 1310 1106 1370 siue
1209 1387 1210 1390 Ἴ

211 1431 247 1472 aa
276 1431 314 1472 ex
340 1410 399 1470 tino
426 1410 480 1487 sit,
511 1411 586 1488 quod
608 1418 691 1470 vetus
711 1409 852 1490 interpres
874 1411 1003 1483 volebat,
1034 1411 1104 1494 aive,
1209 1417 1210 1422 ’

210 1531 273 1572 cum
305 1511 478 1582 Horatiana,
516 1511 610 1570 lanea.
654 1513 760 1571 ΗΜ
784 1517 895 1587 ipsius
922 1518 1105 1592 raugam

210 1633 267 1672 nnn
289 1611 380 1671 minus
402 1630 484 1690 quam
506 1611 645 1672 turbinem
666 1611 724 1672 fiiis
745 1614 939 1676 circumvolvit
955 1616 991 1674 ad
1007 1615 1105 1674 ineam

208 1715 323 1775 tandum
344 1713 513 1786 valentibus,
536 1735 609 1795 qaae
630 1717 712 1794 ptura
733 1716 847 1776 Horatii
869 1715 997 1777 malefica
1018 1736 1046 1779 v.
1064 1723 1104 1779 49
1209 1729 1210 1740 ’

209 1816 323 1898 ipsein
345 1815 469 1877 brachiis
488 1817 579 1898 gerit,
607 1825 651 1892 et,
679 1818 759 1897 quasi
781 1820 962 1892 adorantem,
984 1826 1029 1879 ter
1050 1819 1105 1878 cir·

207 1939 271 1982 oum
297 1929 375 1980 aram
401 1919 556 2001 circumagi
578 1921 671 1999 jubet.
715 1921 794 1980 Duas
815 1921 957 2003 imagines
977 1921 1103 2001 Daphni·

111 2026 113 2032 “
209 2022 254 2083 dia
285 2030 315 2082 et
340 2022 522 2102 argillaoeam
550 2028 580 2080 et
606 2039 716 2085 ceream
745 2029 811 2102 post
836 2024 1002 2104 Amaryllidi
1029 2043 1103 2083 com·

208 2123 308 2195 mittit,
341 2119 595 2185 circumvoluturue
626 2143 683 2183 non
718 2131 843 2198 tautum,
875 2127 926 2186 sed
967 2128 1101 2191 Veneria

208 2217 321 2308 quobus
351 2227 450 2286 nodia
480 2225 652 2307 illigaturae.
707 2227 791 2286 nula
822 2247 860 2287 ex
894 2231 974 2290 licto
1007 2228 1102 2298 laneo,

207 2330 269 2392 aiva
306 2327 534 2389 extremitatibus
566 2333 721 2388 samanae
753 2330 789 2389 ad
822 2330 905 2390 telam
939 2330 1100 2414 racana,

208 2434 292 2494 trium
318 2432 443 2492 colorum
471 2437 561 2490 eraut.
604 2431 707 2490 Lana
733 2432 768 2490 ad
796 2451 894 2492 meros
915 2450 983 2492 usus
1005 2431 1100 2511 impri-

208 2535 262 2594 mis
286 2533 486 2605 adhibebatur3
520 2537 550 2590 et
575 2533 771 2592 Artemidorus
799 2535 834 2594 de
860 2535 978 2594 somniis
1006 2535 1099 2605 docet,

200 2636 293 2697 ‘sertia
317 2635 410 2694 laneis
434 2634 506 2694 varii
532 2635 636 2692 eoloris
657 2635 862 2696 fascinationes
884 2644 913 2696 et
934 2636 1101 2696 devotiones

205 2736 346 2821 portendi.
390 2735 482 2794 Etiam
503 2735 537 2794 ad
560 2736 755 2815 depellendum
772 2738 1012 2798 incantamentum
1028 2757 1101 2797 anua

206 2841 337 2902 Petronii
361 2859 379 2898 c
409 2847 465 2899 tdt
490 2837 581 2901 iieium
605 2840 788 2917 protrahebat
809 2859 845 2899 ex
867 2841 931 2900 sinu
953 2839 1009 2899 fiiis
1031 2840 1101 2898 mui-

205 2943 371 3006 tiooioribus
397 2949 539 3014 eoactum3
572 2949 603 3002 et
628 2941 723 2998 Plinio
746 2949 863 3002 eructare
884 2943 1023 3014 xxviii,
1060 2950 1099 3003 12

204 3045 314 3118 licium,
337 3064 435 3105 novem
457 3050 507 3104 aut
527 3052 634 3123 septem
657 3042 740 3102 nadis
762 3043 906 3115 innexum,
929 3045 1017 3104 certis
1038 3043 1099 3123 qui-

206 3146 322 3207 buadam
347 3146 504 3205 tumoribus
530 3145 636 3205 mederi
658 3145 813 3204 dicebatur.
862 3147 985 3218 T'eraa,
1009 3145 1100 3225 tripli-

205 3248 265 3322 cia,
293 3248 349 3308 tria
370 3267 434 3308 esse
453 3246 588 3306 videntur
608 3247 828 3327 uniuscujusque
848 3248 969 3308 eoloris:
997 3266 1098 3306 seeun-

207 3350 272 3409 dum
299 3349 428 3408 Servium
449 3345 505 3405 tria
526 3348 667 3423 eandida,-
689 3348 744 3407 tria
765 3367 851 3408 rosea
872 3357 903 3409 et
924 3349 981 3408 tria
1003 3349 1098 3431 nigra.

208 3451 286 3510 flacc
310 3449 360 3510 fila
385 3455 430 3507 ter
451 3452 533 3506 terna
553 3449 653 3509 Gallus
673 3469 801 3510 namma
822 3451 884 3513 aza
905 3450 1032 3525 dicebat,
1070 3451 1098 3510 in
