2446 3972
382 217 539 278 ECLOGA
560 217 636 291 Vlll,
658 227 794 284 14-16.
947 232 1031 296 ‘tib

21 405 23 468 p
141 402 198 444 cam
220 382 246 442 si
267 382 413 462 praebent,
437 384 552 444 onnino
574 383 765 459 anteferenda
786 394 832 448 est
852 409 879 450 r.
900 391 1028 452 Broukb.

21 473 22 494 ¹
141 485 206 546 Tib.
228 487 269 558 ΙΙ,
293 490 329 558 5,
351 493 403 552 63.

221 579 370 650 14-16'.
413 584 569 648 Exordium
581 587 714 648 carminis
727 589 930 652 committendi.
964 592 1029 656 'Vir-

138 687 223 770 gilius
250 689 390 762 reticens,
418 688 511 749 animo
534 685 669 770 quidquid
689 691 816 752 intentur
837 692 938 772 aliquia
959 693 1029 773 adji·
1069 712 1073 716 ·

21 779 23 812 ⁷
137 790 206 862 ciet,
234 792 263 850 in
286 790 453 852 brevitatem
474 791 556 872 cogit
576 792 679 853 omnia.
722 793 781 853 Per
802 800 940 854 aestatem
962 799 1028 873 post

136 892 277 975 Vergilius
298 899 417 952 exortas
438 891 467 951 in
489 893 618 952 herbosis
639 893 761 953 salinum
782 893 958 954 anfractibus
979 913 1028 974 pe-

135 1014 184 1054 cus
206 993 347 1074 pascitur,
372 993 516 1052 ebortibur
538 994 576 1054 ibi
597 995 714 1056 aestivis
736 1003 908 1074 pernoctans
929 996 953 1065 Ι,
975 1001 1027 1056 79.

134 1095 216 1155 Nunc
238 1094 314 1154 roris
333 1093 514 1153 matutiniin
536 1094 648 1174 frigora
670 1115 732 1154 curn
754 1094 845 1155 bobus
863 1096 974 1155 Damon
997 1102 1028 1156 el

96 1217 101 1224 ·
133 1197 341 1280 Alphesiboeus
362 1196 391 1255 in
414 1196 544 1257 convalle
564 1195 650 1254 Pindi
672 1195 835 1256 Thessalici
858 1203 941 1256 2-4
962 1195 1027 1254 irri-

132 1317 193 1380 gua
215 1298 325 1360 obviam
347 1296 401 1357 sibi
422 1296 505 1358 liunt.
548 1299 699 1357 Certamen
721 1296 838 1357 ornicum
858 1296 1027 1378 proponitur

132 1407 163 1460 et
184 1401 294 1460 Damon
317 1399 436 1460 orditur.
479 1399 555 1458 idern
583 1406 693 1478 tempus
714 1405 800 1478 pobta
820 1398 876 1458 Lb.
890 1399 939 1470 ΙΙΙ,
963 1404 1026 1460 324
1130 1442 1143 1468 ,

57 1496 61 1505 ’
132 1503 171 1588 ad
191 1523 293 1582 capras
315 1521 440 1580 ovesque
461 1508 572 1581 pastum
594 1501 724 1582 agendas
746 1499 889 1560 destinat:

233 1633 348 1687 Luciferi
365 1632 449 1703 primo
467 1649 526 1687 cnm
543 1631 742 1698 siderestfm'gida
758 1649 819 1685 rura

233 1719 392 1787 Carpamus,
409 1719 471 1770 dum
488 1733 688 1780 maneriorum,
706 1717 768 1768 dnm
785 1715 904 1780 gramina
920 1719 1024 1794 capent¹

233 1803 269 1854 Et
285 1819 330 1856 ros
346 1803 374 1856 in
391 1808 481 1856 tenera
498 1801 586 1868 pecori
602 1799 765 1865 gratissimus
782 1797 871 1852 herbo.

130 1908 164 1970 ln
187 1893 315 1985 ‘quotuor
342 1902 546 1963 Hainionsibus
573 1913 627 1961 ert
650 1906 716 1978 post
741 1895 844 1958 lierda
872 1918 930 1957 nnn
950 1898 1025 1979 legi·

132 2015 197 2068 tura
219 2006 258 2065 ·in
281 2003 314 2066 A
335 2025 353 2064 a
373 2004 484 2065 seriore
505 2021 588 2063 mann
610 2001 736 2062 additum
758 2006 812 2060 est.
857 1993 1024 2077 Ros-duum

132 2109 226 2170 cubile
252 2107 398 2186 permittat
425 2105 546 2178 nullum,
580 2105 691 2164 Damon
719 2108 778 2160 stat
797 2103 882 2178 pedo
906 2101 947 2170 V,
983 2106 1024 2161 88

131 2209 257 2280 innisus,
289 2209 365 2288 qnod
392 2227 479 2285 sacpe
506 2213 569 2266 erat
595 2225 634 2264 ex
655 2203 727 2262 duro
749 2202 830 2282 ligno
853 2204 1022 2281 oleagino,

132 2319 162 2371 et
193 2310 263 2369 tibin
288 2329 315 2370 v.
345 2316 382 2369 21
414 2307 491 2366 conit
517 2313 585 2366 ante
614 2301 747 2363 carminis
769 2299 915 2378 quodlibet
936 2302 1025 2360 inter·

131 2413 244 2474 vallum.
288 2411 333 2466 lta
363 2407 509 2488 caprarius
535 2405 591 2466 iste
604 2402 778 2464 uncmnm
807 2401 879 2462 cae.
911 2407 952 2462 97
979 2399 1026 2460 vel

131 2513 184 2573 sub
206 2509 364 2569 meridiem:

235 2625 345 2680 Talibus
361 2625 389 2678 in
405 2623 498 2677 studiis
515 2623 607 2676 baculo
625 2623 686 2674 dnm
704 2619 781 2672 nixus
799 2617 900 2686 apricas

232 2712 328 2780 ¹Pastor
344 2709 400 2777 agit
416 2725 507 2775 curas,
525 2715 553 2762 et
569 2709 630 2760 dum
648 2723 702 2760 non
718 2711 775 2760 arte
792 2719 889 2758 canora

235 2795 377 2863 compacta
394 2794 499 2847 solitum
516 2793 662 2844 modulatur
679 2787 806 2841 arundine
824 2800 937 2839 carmen.
1007 2814 1009 2822 ,

131 2915 330 2981 lacunam
352 2917 461 2974 olivae
481 2913 530 2976 rix
552 2931 619 2988 esse
638 2915 748 2988 potest,
771 2909 820 2966 ad
839 2908 946 2964 clean
966 2923 1023 2961 ar·

132 3020 243 3079 boren
263 3019 466 3096 reclinatus,
495 3010 629 3091 imprimis
651 3027 714 3068 curn
735 3009 854 3075 tereti,
878 3002 954 3082 quod
974 3002 1023 3062 ad·

133 3119 315 3180 ditamcntum
346 3117 382 3176 ad
400 3113 556 3193 scipionem
578 3108 703 3169 deducit.
747 3104 944 3168 Incendent
965 3103 1022 3164 da·

132 3221 220 3292 cralo,
243 3237 337 3298 pacm
359 3213 487 3278 dextra
507 3211 657 3292 gerebat,
679 3207 797 3271 Ovidius
810 3210 899 3281 suet.
915 3208 938 3277 Ι,
962 3211 1024 3266 177

134 3319 270 3394 dicit3et
290 3322 381 3380 oliva
401 3337 454 3398 pro
475 3313 603 3394 scipione
624 3311 759 3394 oleagino
780 3309 863 3370 Met.
886 3307 922 3377 ΙΙ,
945 3311 1021 3368 681:

135 3439 284 3499 mque
301 3423 380 3494 finit
405 3421 551 3478 deame
576 3416 744 3476 silvestria
768 3403 948 3549 olinarsubi
968 3403 1024 3464 ba·
