2446 3972
425 191 582 254 uchoun
602 195 677 266 Vlll,
700 201 751 257 68.
964 209 1030 270 155
1144 215 1146 220 ’

136 365 195 420 tum
217 343 362 422 lnsrbcret.¹
387 358 468 434 Omni
489 362 588 440 procul
612 359 696 420 dubio
715 363 789 440 apud
806 363 919 443 Virgilii
935 385 1030 427 exem-

136 463 215 542 plar,
243 461 429 523 Theocritum
454 460 493 533 ΙΙ,
521 470 577 534 17,
599 463 801 522 Abraeadabra
821 443 943 540 efficaxss
970 468 1030 530 sive

137 565 212 643 quod
225 565 300 624 aliud
313 563 451 644 ejusmodi
462 565 698 624 incantamentum
712 565 747 624 ud
760 565 961 635 conversiones
972 573 1030 640 ῒιπ-Ι

139 666 211 726 binis
228 665 332 747 magici
343 667 575 738 murmurabatur,
597 686 683 727 versu
695 666 858 728 intercalari
872 666 1028 728 inducitur:

199 781 285 848 Ἴϊιγξ,
304 779 359 830 i'bne
381 778 413 830 τι)
438 781 517 848 τῆνον
535 782 599 850 ἐμὸν
615 782 678 834 ποτὶ
695 766 772 848 dupe
788 781 836 833 τὸν
852 781 946 850 ἄνδρα.

202 869 275 932 Duc,
295 882 360 932 age,
379 868 454 920 trrrbo
472 869 555 920 virum
572 875 679 938 propter
696 887 754 924 mea
771 868 861 922 limina
877 870 995 922 volvens.

135 971 193 1038 aui
214 972 297 1030 turbo
320 991 381 1030 cunr
404 971 514 1030 intenta
536 961 641 1052 irsbge
662 973 722 1034 sive
743 975 910 1052 Torquilla,
931 973 1030 1052 [φιτ

141 1074 323 1153 Torqrsilla
352 1072 413 1146 Ia,
450 1074 530 1153 cujus
558 1073 649 1132 cauda
676 1075 832 1153 collumque
859 1074 961 1134 mobile
986 1073 1029 1134 in·
1125 1141 1127 1147 y

135 1175 223 1254 quieti
250 1175 354 1234 amoris
380 1175 475 1256 imago
505 1195 568 1234 esse
596 1175 758 1248 videbatur,
791 1176 875 1236 etiarn
903 1176 1029 1254 apertius

134 1276 164 1336 iu
186 1277 368 1357 sequentibus
389 1297 416 1338 v.
440 1286 482 1338 30
503 1277 685 1338 describitur:
760 1357 763 1362 .

236 1391 288 1444 Hic
304 1391 427 1444 rhombus
445 1394 555 1448 Veneria
571 1393 675 1446 monitis
694 1400 722 1446 nt
739 1393 853 1446 aheneus
870 1398 948 1458 errat,
972 1437 974 1440 .

236 1477 314 1530 Erret
331 1477 368 1530 ita
382 1479 433 1530 iste
449 1475 518 1530 sores
537 1478 568 1530 ad
587 1484 688 1530 nostras
705 1478 810 1543 ignibus
828 1478 931 1530 ardeus.

134 1580 251 1641 Pindari
279 1576 462 1660 σχολιαστὴς
488 1578 585 1662 Pprh.
610 1583 662 1657 tv,
691 1591 753 1644 380
775 1580 947 1663 defigentem
969 1600 1029 1638 mu-

135 1683 231 1744 lierem
258 1689 357 1744 narrat
383 1683 498 1764 iyugcm
525 1704 605 1744 avem
633 1691 755 1760 quatuor
782 1683 925 1743 radiorum
947 1689 1029 1742 rotae

112 1763 262 1866 illigare,
290 1794 373 1861 quam
395 1803 457 1842 cum
479 1783 650 1843 carminibus
670 1784 800 1855 volvere3
822 1785 885 1842 aliis
907 1783 1030 1842 unctori-

137 1885 189 1946 bus
211 1884 271 1944 auis
293 1882 343 1942 ilia
364 1888 494 1943 extracto
515 1882 619 1940 circum
640 1889 732 1940 rotam
754 1883 919 1960 tetendisse.
953 1882 1029 1940 'Per-

136 1986 205 2046 tiam
243 1983 381 2044 rationem
420 1983 549 2042 'l'zetaes
585 1985 658 2062 apud
693 1983 907 2062 Lycophronem
940 1981 1028 2052 novit,
1078 2058 1080 2064 s

138 2107 218 2148 auem
256 2086 291 2145 ad
326 2105 437 2144 cereum
465 2085 609 2144 rhombum
637 2106 722 2166 super
749 2085 918 2144 carbonibus
943 2082 1031 2162 lique·

137 2209 218 2248 scere
245 2186 387 2248 debuisse.
428 2187 550 2264 lllichael
571 2189 684 2246 Psellus
710 2187 783 2265 apud
811 2187 963 2246 Seldenum
989 2187 1031 2245 dc

138 2292 223 2351 Diis
243 2289 321 2366 Syr.
344 2287 382 2360 J,
411 2295 427 2346 2
450 2287 633 2346 Hecateam
653 2291 852 2365 vertiginem
873 2288 1030 2345 Chaldaeo·

138 2413 200 2452 rum
222 2389 378 2468 sapientum
400 2388 547 2465 sphaeram
569 2388 695 2447 declarat
714 2386 803 2446 fuisse
819 2407 943 2460 auream,
966 2407 1030 2465 sap-

137 2493 219 2574 phiro
241 2485 349 2560 medio,
382 2496 525 2574 totamque
546 2488 757 2549 characteribus
779 2495 919 2562 notatam,
948 2507 1030 2567 quam
1116 2498 1119 2503 “

138 2593 214 2652 inter
250 2591 440 2652 devovendum
472 2589 534 2650 loro'
566 2591 669 2651 bubulo
696 2592 784 2666 verti3
815 2594 901 2665 tales,
929 2589 1029 2670 inquit,

137 2701 259 2776 ὅμηροι
286 2712 398 2772 quoque
426 2696 618 2774 appellantur3
645 2695 690 2757 vel
711 2695 876 2774 sphaericae
897 2700 964 2753 sunt
984 2691 1029 2754 vel

138 2797 301 2876 triangulae
332 2794 377 2856 vel
409 2795 466 2855 alia
503 2795 603 2858 forma.
667 2797 823 2858 Rhombum
852 2793 1030 2874 ¹triangulum

140 2896 259 2979 (tribus,
300 2895 416 2974 opinor,
453 2897 624 2956 transversis
657 2899 809 2977 gradibus,
842 2895 1030 2952 trochlearum

139 3007 299 3060 nostrarum
326 2993 445 3075 instar),
479 2997 633 3055 secundum
660 2992 846 3074 σχολιαστὴν
871 2995 1030 3067 Tlreocriti‚

139 3100 252 3160 Atticae
278 3096 466 3156 adhibuerunt
493 3117 614 3179 megae,
646 3098 777 3177 quoniam
804 3105 862 3157 tras
888 3096 1031 3178 perfectus

141 3201 179 3261 sit
200 3221 347 3272 uumerus3
369 3219 470 3258 nomen
493 3200 615 3258 Atticum
638 3193 757 3283 ῥόμβος
778 3207 848 3274 erat,
862 3197 923 3279 'pro
936 3197 1031 3280 magis

141 3303 252 3384 vulgari
274 3295 404 3384 ῥόμβος,
426 3301 501 3374 sive,
523 3303 598 3382 quod
620 3297 802 3380 excitaueris
824 3300 967 3382 Apollonii
988 3319 1032 3359 re-

141 3403 213 3480 tert,
239 3397 378 3490 ῥῦμβιον.
423 3407 467 3464 lla·
496 3405 699 3487 epigrammata
724 3403 915 3483 Authologiae
942 3403 1031 3460 llrun-
