2424 3994
370 213 524 282 uanoan
546 221 580 280 u.
612 207 756 284 ea—a'a.
964 221 1009 284 rs

119 387 250 468 exenrplo
273 389 374 464 docet,
396 389 548 461 Adonidis,
573 387 773 466 Endymionis,¹
790 387 889 465 Atyos,
913 388 1008 466 Gany-

119 489 222 562 medis,
257 488 306 568 qui
327 499 425 550 omncs
446 497 576 570 pastores
597 497 679 549 eraut
700 495 730 548 et
750 509 768 547 a
790 489 894 548 deabus
915 489 1009 548 amati.

119 589 183 670 lpse
210 591 313 670 Apollo
345 591 480 672 pascebat
509 591 628 650 Admeto
662 589 788 651 serviens
816 589 871 650 ΙΙ).
899 590 952 661 ΙΙΙ,
982 598 1010 650 2.

119 691 238 764 Paris,
272 689 347 751 filius
368 691 472 750 Priami
501 713 517 751 e
543 699 630 774 geute
651 691 779 751 Dardani
806 691 860 750 La.
882 691 938 762 ΙΙΙ,
960 694 1011 752 35.

125 792 230 852 Urbes
261 791 400 854 invidiose
425 799 564 870 tamquam
592 813 673 854 arces
701 811 765 853 esse
786 783 919 852 dicuntur
944 813 1012 852 eon·

120 893 217 953 desae
238 897 388 960 etcontra
406 894 503 952 hostes
524 899 679 966 marcitae,
703 913 786 954 secus
807 902 892 973 atque
913 894 1011 965 silvae,

120 1013 195 1073 quae
215 1000 339 1072 pateant.
361 994 506 1054 *Pallas
523 988 652 1072 Ἀθηνη,
674 997 778 1074 arguto
795 994 848 1053 dea
868 993 1014 1056 inventrix'

120 1092 304 1154 artificiorum
325 1093 390 1154 belli
412 1100 442 1154 et
462 1093 555 1174 pacis,
580 1093 671 1173 prima
692 1093 791 1152 domus
810 1099 935 1166 sunere,
965 1115 1012 1153 ur-

119 1195 171 1256 bes
192 1195 431 1269 munire'docuit3
454 1191 725 1275 quarepraefectam
746 1193 862 1253 urbibus
875 1189 1016 1274 (neiron-

116 1291 208 1373 χον,)
230 1295 321 1377 portis
343 1293 523 1376 (nolarum)
549 1295 863 1376 praesumeremus,
891 1294 1013 1374 quaein

122 1413 247 1455 mcensn.
274 1395 383 1456 urbium
417 1402 500 1458 erant
527 1391 714 1478 (drepanam)
745 1416 842 1456 omnes
874 1396 1014 1457 Graeciae

122 1503 240 1578 gentes,
262 1517 319 1556 non
340 1498 430 1558 solum
451 1497 594 1570 Athenae,
621 1517 705 1578 quarn
724 1497 821 1556 urbem
835 1498 1014 1558 'carimimam

122 1596 259 1669 babebat,
293 1598 432 1660 colebant.
481 1599 541 1658 llas
568 1618 629 1670 res,
662 1618 735 1678 quae
762 1617 836 1657 nunc
869 1599 1016 1658 doctrinae

123 1697 243 1776 aliquam
276 1699 398 1778 speciem
425 1720 493 1780 prae
525 1719 558 1760 se
585 1698 695 1770 ferunt,
734 1705 791 1757 bam
824 1699 908 1758 etiam
941 1699 1016 1761 servi

123 1797 295 1871 inertissimi,
313 1801 418 1860 nedum
439 1799 576 1881 praetecti
597 1807 750 1880 postumum,
772 1799 819 1879 qui
840 1799 938 1859 literas
960 1799 1017 1858 cal·

123 1899 235 1972 lebant,
269 1901 432 1980 quotidiano
454 1920 508 1960 usn
535 1898 650 1961 novisse
676 1904 817 1977 poterant.
863 1899 1020 1962 Condidit
1057 1909 1059 1912 '

125 2019 221 2072 arces,
235 2002 367 2080 ¹condere
389 2001 499 2076 docuit3
522 2020 578 2082 qua
599 1999 710 2062 ratione
727 1998 785 2059 hb.
809 1998 830 2072 Ι,
855 2007 914 2062 122
938 1999 1018 2080 Jupi-

124 2108 171 2160 ter
200 2121 300 2182 agrum
327 2103 403 2162 colit.
431 2085 517 2162 Hafa.
547 2103 578 2162 C
603 2101 689 2162 babet
719 2103 810 2160 colit.
860 2101 1019 2164 Nostrum

124 2200 251 2280 ubique,
282 2221 379 2264 amore
400 2201 576 2280 conjunctis,
605 2201 678 2263 silva
698 2201 912 2260 delectationem
934 2202 1018 2273 ferat,

123 2302 216 2382 qualis
245 2319 383 2379 nusquam
405 2305 449 2358 est
470 2297 554 2358 alias!
597 2299 719 2356 Tantus·
739 2299 774 2356 in*
792 2306 821 2358 te
842 2319 921 2358 meus
942 2321 1020 2359 amor

14 2459 15 2462 ,
124 2411 186 2474 est,
209 2407 266 2459 tarn
289 2405 424 2458 constans
445 2404 565 2457 naturae
586 2393 740 2477 appetitio,
761 2417 843 2477 quam
865 2399 1020 2480 quibusque

122 2499 324 2578 animantiam,
338 2497 436 2558 innata
460 2504 514 2558 sua
533 2495 652 2558 indoles.
696 2498 779 2559 llaec
795 2498 1021 2562 similitudinibus

124 2598 339 2684 proverbiorum
360 2597 543 2678 pastoralium
564 2598 714 2660 Tlreoeriti
736 2603 865 2684 exemplo
880 2602 919 2676 X,
943 2612 998 2666 30:

195 2713 231 2768 Et
247 2730 340 2782 caprae
358 2714 466 2780 cytisum
483 2716 558 2782 lupus
576 2691 771 2784 insequiturque
781 2718 912 2786 capellas,

196 2797 317 2852 vomeris
334 2800 425 2866 estque
441 2813 529 2851 eomes
546 2812 621 2864 gras3
639 2797 696 2866 ipse
713 2799 751 2851 tui
767 2797 825 2852 fimo
839 2805 936 2854 amora

127 2903 243 2962 Leones
264 2907 322 2960 noa
344 2908 426 2960 erant
447 2902 557 2981 quidem
578 2900 608 2958 in
631 2901 743 2972 Sicilia,
775 2903 827 2960 sed
849 2923 937 2983 prope
958 2906 1026 2966 abe·

57 3059 62 3066 .
126 3010 195 3062 rant
224 3003 263 3060 in·
279 3001 393 3072 Africa,
427 3001 502 3085 unde
535 2999 619 3062 etiam
645 3000 770 3077 Thyrsis
796 3003 944 3066 Theocriti
973 3026 1024 3067 eos

128 3103 259 3162 sumebat
279 3101 307 3173 l,
328 3109 381 3164 7².
431 3097 517 3165 (duod
542 3099 745 3180 Philargyrius
773 3104 874 3177 tradit,
903 3109 1024 3180 sam·-

128 3221 206 3264 Μαι
234 3205 359 3264 leonem
387 3200 521 3269 Plautus,
556 3199 648 3258 Varro
679 3199 723 3280 (et
744 3201 911 3292 [nepetiusl
939 3211 1025 3268 leam
1104 3221 1108 3228 ’

130 3303 245 3374 diuma,
276 3301 381 3372 ‚einero
410 3303 562 3367 leaenam
583 3315 639 3360 non
667 3301 730 3363 siue
750 3306 961 3387 peregrinitatis
983 3304 1026 3362 of-

131 3401 271 3470 fensione.
315 3399 457 3467 Audacius
479 3400 587 3468 ‘dictum
615 3403 735 3465 leaena
767 3405 870 3468 sensim
896 3407 929 3468 in
951 3414 1026 3464 oum.-
