2446 3972
428 220 599 338 aenean
622 263 695 336 vm,
720 272 773 326 aa·
994 280 1058 346 ur
1110 241 1116 254 ⁸

153 413 224 485 =ram
250 426 390 487 arationis
420 429 551 507 politicae
578 429 615 488 ad
637 449 795 492 sermenem
817 453 907 513 usque
929 437 1057 518 vulgaris

24 569 26 576 ,
62 612 68 618 .
164 528 376 588 consuetudinis
408 529 496 590 velint
523 529 688 608 deprimere.
732 534 848 593 Poetae·
869 536 982 595 canenti
1009 559 1055 597 ra-

163 630 223 689 aius
245 629 358 689 additus
380 636 434 701 est,
457 629 504 708 qui
525 631 655 712 singulus
677 653 787 706 versus,
809 635 838 694 in
855 637 953 696 ultima
968 640 1054 698 verbu

164 731 336 811 suscipiens,
369 731 487 810 repetit,
515 731 729 794 confirmatione
757 757 843 816 saepe
871 738 1055 800 intercalata:
1129 772 1131 780 ι

159 835 330 908 profecto,
364 837 515 912 inquam,
549 855 626 895 uere
655 839 803 898 dictum!
836 840 950 898 Interea
972 846 1057 918 potita

164 955 266 996 aarum
302 953 414 994 versum
448 943 666 1010 commentatur,
701 959 757 1016 qua
787 940 857 999 socii
885 948 1056 1020 postremum

163 1037 280 1098 veritum
303 1035 418 1114 exeipit.
462 1037 552 1096 Amba
568 1037 687 1096 invicem
705 1046 755 1098 aut
771 1041 894 1119 appositi
907 1048 957 1100 aut
968 1061 1056 1121 prope

164 1137 275 1210 sedent,
298 1137 420 1217 genibus
442 1157 474 1196 se
497 1145 650 1219 tangentes
673 1147 702 1198 et
724 1161 808 1200 mann
829 1149 970 1221 correpta,
993 1144 1058 1202 dnm

95 1247 102 1258 '
165 1253 269 1317 eorpus
290 1237 408 1298 invicem
430 1259 548 1318 prorsus
571 1248 699 1312 mutant,
722 1243 802 1302 vultu
824 1263 925 1304 severa
948 1251 978 1304 et
999 1264 1057 1304 me·

165 1340 283 1400 ditante.
327 1341 436 1400 Cantus
458 1343 605 1401 admodum
628 1342 747 1421 simplex
770 1352 828 1416 esty
851 1351 880 1404 et
896 1343 968 1406 tides
986 1366 1056 1406 nan·
1140 1321 1146 1332 ,

162 1461 313 1521 numquam
342 1449 446 1522 poetae
468 1463 520 1521 pra
542 1444 621 1502 sacia
644 1451 720 1504 sunt.
742 1479 784 1490 -
807 1444 943 1506 Damonis
965 1447 1057 1528 igitur

82 1561 91 1573 ⁸
163 1545 234 1604 laaee
271 1551 315 1604 est
348 1546 506 1604 sententia:
556 1545 689 1604 Carmina
723 1546 809 1618 milri,
853 1569 916 1610 mea
956 1549 1053 1620 tibia,

164 1647 272 1725 aspira,
296 1645 391 1724 qualia
411 1648 440 1706 in
462 1648 622 1707 Maenala
644 1647 784 1707 Arcadico
807 1651 967 1710 audiuntur.
1011 1649 1056 1709 ue

162 1748 278 1810 laudata
305 1748 445 1806 Arcadum
473 1754 536 1805 arte
563 1748 670 1806 musica
696 1769 784 1831 supra
804 1750 871 1821 Vll,
911 1757 929 1810 4
952 1751 1056 1809 dictura

164 1857 218 1910 est.
275 1848 388 1918 Tiasa,
424 1848 534 1905 arundo
567 1848 716 1905 multarum
748 1847 932 1919 feraminum,
967 1868 1056 1908 earnu

164 1949 345 2018 continuata,
371 1946 463 2005 nostri
485 1947 615 2006 lrautlrnis
638 1946 743 2021 instar,
766 1943 861 2019 αὐλὸς
883 1949 994 2008 Graece
1015 1949 1058 2008 di·

63 2127 68 2134 ἢ
154 2058 240 2122 ¹etus,
264 2069 386 2131 peregre
407 2068 466 2108 rem
487 2055 599 2130 gestaru
623 2069 679 2107 non
702 2049 792 2108 minus
815 2050 951 2122 declarat,
974 2069 1057 2129 qnam

162 2153 233 2233 lynx
255 2175 283 2214 v.
306 2162 324 2214 3
348 2158 377 2212 et
396 2152 469 2210 Oeta
490 2151 525 2211 ab
543 2152 660 2211 Oriente
676 2151 781 2212 affinis.
825 2151 1056 2226 Romanisenina,

164 2275 247 2334 quum
270 2260 331 2312 arte
353 2253 480 2330 expolita
502 2260 589 2323 esset,
612 2259 713 2311 cavata
736 2273 772 2311 ex
785 2253 975 2312 assensinina
989 2250 1055 2332 (un-

164 2356 201 2414 de
228 2354 332 2413 tibiae
360 2371 472 2431 quaque
500 2351 519 2410 i.
548 2373 573 2410 e.
603 2352 694 2410 aruris
716 2351 831 2433 namen)
854 2359 904 2411 aut
926 2372 964 2411 ex
985 2353 1055 2428 lata,

165 2458 258 2526 buxa,
286 2455 437 2533 elephanta
460 2461 489 2512 et
510 2455 646 2526 metallis,
680 2444 779 2512 ¹crebra
801 2454 830 2512 in
854 2453 987 2525 theatris,
1020 2455 1056 2512 ad

165 2555 307 2620 munitiola
327 2564 357 2615 et
378 2557 476 2634 epulas
498 2556 609 2635 quidem
631 2555 766 2628 sanabat3
790 2556 944 2634 pastoriam
961 2562 1055 2615 autem

164 2661 241 2720 iuter
269 2658 469 2738 supellectilem
497 2679 605 2718 cannas
633 2666 739 2718 tantum
765 2657 899 2718 lmlemus
920 2658 1055 2720 stridulus

163 2763 248 2823 nnius
269 2760 416 2820 arundinis
438 2768 467 2820 et
488 2759 599 2820 fistulas
621 2761 741 2840 pluriam
764 2760 949 2832 e'alamarum,
978 2780 1056 2818 nnm-

64 2939 70 2948 ,
164 2883 248 2944 qnam
277 2863 376 2920 tibias:
411 2863 552 2939 quamvis,
585 2863 721 2921 Lucretia
749 2871 866 2920 auctare
894 2861 931 2930 V,
964 2868 1054 2933 1384,

163 2967 241 3026 inter
269 2963 409 3032 rusticas,
438 2965 565 3022 Graecas
592 2963 680 3032 dicit,
715 2962 784 3018 tibia
806 2963 920 3020 inventa
942 2961 993 3032 sit,
1027 2971 1056 3024 et

165 3074 307 3128 manturna
341 3064 464 3124 silentio·
488 3063 655 3122 elrardarum
687 3082 775 3120 sanas
808 3061 1012 3123 affirmaverint
1038 3086 1056 3124 a

166 3170 279 3248 Satyris
301 3166 381 3238 fieri,
404 3187 422 3225 a
444 3165 578 3244 Nymphis
600 3171 630 3222 et
651 3185 668 3224 a
690 3164 797 3223 Faunis
818 3165 868 3224 ll'.
893 3173 969 3227 588:

267 3314 300 3322 —-
334 3312 368 3322 -
403 3309 436 3322 -
471 3280 621 3348 daleeisque
638 3281 767 3349 querelas,

267 3367 345 3421 'l'ibia
363 3385 427 3437 quas
444 3365 543 3432 tondit,
566 3365 669 3432 digitels
687 3368 787 3434 pulsata
805 3371 951 3419 narrantum.

168 3475 277 3533 cantra
298 3471 448 3534 't'lreaeriti
471 3471 605 3532 bubulcas
627 3470 700 3544 XX,
732 3479 770 3532 28
793 3469 877 3531 aliter
897 3490 930 3530 se
947 3469 1054 3548 jactat:
