2394 3980
205 257 254 318 ⁴8
453 247 608 307 ECLOGA
625 245 676 317 vl,
698 250 841 310 72-73.

207 418 270 476 ‹lum
296 437 315 475 a
336 417 449 475 medicis
471 416 625 478 adhibetur.
668 415 764 496 Magis
784 416 859 474 inter
879 422 1015 474 externus
1037 436 1090 475 ex·

207 526 314 578 ternum
342 519 471 577 erbcrem
500 515 741 597 (quemadmodum
763 517 889 588 cedrum,
916 537 1089 596 cupressum,

205 618 362 701 platanum)
385 639 463 678 suum
485 619 573 698 ipsius
595 638 695 678 nemea
718 619 826 690 deceat,
847 619 920 696 quod
943 617 1020 678 facili
1041 641 1092 680 ue·

206 723 288 803 gotie
314 722 341 780 in
366 729 489 780 uestram
509 722 635 802 linguam
657 719 774 793 transit,
803 719 894 798 teque
916 720 1092 788 incommode

206 824 248 883 ed·
259 829 352 882 'eures
373 822 484 882 accidit.

220 981 222 986 .
291 932 439 989 'lt-73.
486 923 641 1003 Orynlois
659 922 720 983 sive
744 923 891 1002 Grynla,
926 925 1000 1002 apud
1022 926 1091 985 Ser-

206 1025 280 1086 vium
304 1024 424 1104 Gryno
445 1032 475 1083 et
498 1023 636 1103 Gryneus
644 1066 652 1095 ‚
675 1025 748 1103 apud
771 1025 943 1103 Stephanum
967 1025 997 1083 Γ
994 1017 1090 1106 circi,

207 1127 274 1186 urbs
301 1127 418 1187 Aeolica
445 1126 652 1204 Myrinaecrum
679 1127 715 1212 ad
743 1125 835 1184 sinum
867 1125 1012 1185 Lesbium'
1028 1133 1092 1186 erat

208 1228 286 1307 prius
314 1230 448 1301 nobilior,
481 1236 547 1306 pust
574 1227 727 1286 Alexandri
750 1212 991 1309 expuguaticaeru
1013 1228 1093 1306 oppi-

208 1330 300 1389 dulum
329 1339 435 1390 tentum
463 1343 524 1388 cum
552 1337 645 1408 portu.
690 1329 764 1386 ,Nun
792 1322 861 1388 iude
889 1329 985 1407 procul
1011 1331 1093 1389 lucus

208 1423 331 1509 Apollici
352 1451 434 1492 sacer
455 1439 485 1489 et
506 1439 587 1490 vetus
609 1430 750 1490 oraculum
773 1435 803 1490 et
823 1431 999 1510 splendidum
1020 1437 1093 1489 teas-

208 1532 283 1611 plum
310 1532 410 1610 lepidis
432 1531 544 1590 candidi
565 1532 672 1590 aberat.
719 1532 876 1592 Pausanias
897 1534 919 1592 l.
940 1553 969 1611 p.
995 1540 1042 1594 19.
1065 1552 1092 1594 c.

210 1639 260 1692 21.
287 1644 376 1712 aeque
403 1653 437 1693 ac
463 1616 580 1692 Servius
608 1651 753 1692 amoenum
780 1653 893 1705 nemus,
920 1634 1094 1712 quodcirca

208 1735 339 1815 templum
361 1734 633 1808 crat,'edmiratur,
660 1734 689 1793 in
711 1753 766 1813 quu
788 1736 905 1795 arbores
926 1734 1093 1795 fructiferae

209 1844 240 1897 et
260 1857 316 1896 uon
339 1837 518 1908 fructiferae,
548 1855 651 1898 suaves
672 1837 760 1896 cdere
782 1838 981 1916 etedspectu,
1008 1836 1092 1896 viridi

209 1939 353 2020 gramine,
388 1940 475 2001 variis
504 1933 625 1998 floribus
647 1931 781 2018 cujusque
808 1939 874 1998 enni
901 1939 1036 2018 temperis
1062 1945 1092 1999 et

208 2040 316 2100 crebris
342 2039 467 2100 fuutibur
494 2041 619 2102 variatae
646 2048 736 2098 erant.
759 2031 849 2123 *Erat
870 2040 975 2121 igitur,
1008 2041 1091 2119 quale

209 2133 352 2200 australes
384 2142 529 2212 dicerent,
567 2163 615 2201 aa
646 2160 750 2218 par-c,-
783 2124 939 2220 'eujusmodi
970 2142 1091 2222 Longas

137 2275 140 2293 ι
209 2227 320 2322 quaeue
344 2245 369 2303 l.·'
385 2240 526 2322 procem.
549 2263 646 2302 nemus
665 2245 842 2322 nympharum
858 2237 989 2302 Lesbium
1002 2241 1090 2302 fuisse

209 2345 293 2405 dicits
316 2346 472 2407 iucundum
485 2365 582 2404 nemus
604 2353 674 2415 erut,
697 2343 831 2432 refertum
853 2345 1018 2416 arboribus,·
1034 2346 1090 2424 plc-

209 2467 275 2506 uum
296 2445 393 2506 florum
417 2456 446 2506 ct
467 2448 618 2525 irriguum
638 2437 712 2506 'unus
734 2446 798 2505 fuas
815 2446 912 2506 emnia
934 2447 1039 2518 elebat,
1061 2453 1090 2505 et

209 2546 295 2606 liures
317 2556 346 2606 et
367 2549 494 2607 arbores.
535 2549 633 2618 Luce,
656 2546 758 2607 Strabo
782 2548 831 2607 ΙΧ.
853 2569 881 2628 p.
902 2557 976 2610 ⁴12.
990 2547 1089 2628 inquit,
1112 2587 1116 2596 ·

210 2665 337 2725 quaeque
365 2648 427 2706 loca
448 2667 530 2706 sacre
551 2669 569 2708 a
590 2649 682 2727 poetis
704 2650 850 2722 dicuutur,
877 2650 987 2708 etiamsi
1001 2651 1090 2720 ,arbo-

116 2753 119 2762 “
210 2742 288 2808 ritus
319 2755 444 2808 ceream.
493 2749 584 2807 Etiam
611 2769 688 2810 mare
714 2751 869 2828 Aeschylus
895 2751 990 2812 Peru.
1019 2758 1089 2812 109.

210 2842 332 2912 πόντιον
359 2844 466 2923 ἄλσος,
494 2852 646 2910 sacrarium
668 2853 817 2923 marinum,
836 2852 926 2911 uicit.
969 2850 1091 2912 Talibus

210 2971 231 3013 a
255 2953 366 3033 templis
393 2973 515 3014 summae
541 2953 754 3033 pulchritudinis
775 2960 804 3012 et
825 2953 987 3035 dignitatis,
1016 2953 1092 3013 enni

211 3056 381 3115 amoenitate
407 3065 525 3117 naturae
552 3056 739 3125 circumdatis,
772 3055 846 3114 tristi
875 3055 968 3115 anima
990 3055 1027 3114 ad
1049 3056 1092 3114 ia-

134 3210 139 3230 ,
211 3153 316 3214 formes
338 3156 417 3226 istas,
440 3157 495 3215 situ
517 3157 623 3235 plenas,
646 3157 733 3215 mules
754 3155 880 3234 lapideas
897 3157 1091 3236 respiciamus,

211 3257 240 3316 iu
269 3256 368 3334 quibua
396 3275 449 3314 nus
474 3257 549 3316 inter
575 3259 704 3337 sepulcra
730 3264 759 3316 et
784 3276 883 3316 cruces
905 3264 935 3318 et
956 3258 1093 3318 semiruta

211 3357 380 3418 munimenta
402 3356 481 3416 deum
503 3357 629 3418 caritatis
650 3359 730 3438 quasi
751 3359 958 3418 contentiosum
970 3360 1092 3437 aliquem

211 3459 348 3521 vindicem
373 3477 566 3538 apprecamur.
620 3460 737 3520 Veteres
762 3458 871 3518 fabulas
898 3460 934 3519 lc
959 3479 1092 3522 neum
