2392 3986
202 229 267 295 m
448 219 604 283 ECLOGA
624 219 673 282 lV.
695 226 845 282 (io-6³.

199 388 323 450 meent
354 405 481 450 numer
510 387 596 466 «pleno
633 405 765 458 numero,
808 385 853 447 lric
887 385 999 466 quidem
1034 406 1094 448 rem

201 472 340 568 eugenie..
380 489 491 554 Quodsi
512 487 658 550 circuitum
684 488 768 549 lunoe
789 485 866 548 circu
887 492 1009 565 terrum,
1046 487 1103 568 qui

200 589 311 648 xxvn
333 589 441 658 dierum
461 595 595 668 etpeene
617 594 683 648 octo
696 589 826 646 lrorerunr
848 593 908 658 est,
930 586 1095 668 intelligere

199 691 300 753 liceret
321 685 475 768 (macero
501 691 655 750 lunarem
672 685 910 766 periculosiori:
955 688 1094 767 ejusmodi

201 793 296 852 decem
340 808 452 850 meuses
493 788 607 850 lunores
648 789 839 870 quodraginta
872 788 1094 850 hebdomadibus

201 891 380 973 groriditetis
401 890 621 969 complebuntur.
664 890 767 950 Verum
789 889 911 949 llomoni
932 889 963 968 iu
984 890 1039 948 bec
1061 909 1094 953 rc

173 974 176 980 Ι
201 1001 310 1072 tempus
346 993 544 1071 computabunt
579 991 615 1050 eb
647 989 798 1055 interlunio
831 991 867 1050 ud
901 989 1092 1063 interlunium,

200 1114 282 1171 quum
305 1094 372 1159 luuu
393 1100 458 1174 post
483 1091 585 1152 xxix
606 1092 667 1152 dies
688 1099 719 1152 et
739 1112 828 1171 poene
849 1090 983 1151 tredecim
1006 1091 1092 1150 bores

200 1195 354 1255 incultum
381 1195 545 1274 prodeuntis
571 1192 642 1252 solis
668 1194 742 1254 redit
763 1190 915 1272 (aucorem
936 1193 1092 1252 lunarem

201 1294 422 1375 synodicum:
446 1313 533 1373 quere
554 1300 667 1372 pertus,
695 1294 719 1352 si
740 1301 873 1354 socurute
895 1293 988 1364 dicus,
1016 1293 1092 1352 intro

201 1397 335 1456 decimum
357 1415 478 1454 mensem
505 1395 631 1454 lunarem
652 1393 748 1454 tiebat.
798 1395 979 1464 lbrlerunt,
1007 1395 1092 1454 modo
1185 1469 1186 1483 χ

200 1496 375 1566 ollerebunt,
401 1503 513 1556 veteres
541 1496 722 1556 Gremmetici
745 1502 775 1556 ct
795 1495 858 1554 iibri
879 1493 977 1574 scripti
999 1514 1092 1578 ugno-

201 1603 292 1658 scunt
335 1596 434 1656 Nostri
452 1596 596 1664 homiues,
621 1597 668 1674 qui
689 1617 786 1676 purum
805 1597 949 1666 sciebant,
972 1595 1092 1655 medium

200 1697 333 1775 syllabam
355 1697 471 1775 entique
494 1697 723 1776 pronuntiatione
751 1697 854 1775 corripi
875 1695 983 1775 'posse,
1016 1698 1091 1776 quod

200 1817 293 1880 genus
304 1810 532 1879 steteruntque
553 1818 664 1872 comae
674 1799 745 1858 Aen.
768 1798 809 1871 ll,
832 1804 895 1859 774
918 1807 947 1857 et
957 1798 1091 1858 Terentii

200 1901 230 1960 in
256 1903 329 1960 Eun.
361 1904 451 1974 prol.
482 1908 523 1962 20
550 1911 700 1960 emerent
725 1899 754 1960 iu
781 1899 861 1958 exitu
890 1881 996 1958 senerii
1019 1900 1091 1979 jum·

200 2001 272 2080 bici,
294 2004 439 2062 tulerint
457 2001 502 2061 vel
536 2003 690 2062 tulerant
723 2000 882 2070 mutabunt,
915 1998 1088 2060 Hefnieuses

200 2123 321 2182 quoque.

283 2204 347 2284 Ago
376 2201 454 2273 dum,
492 2203 575 2281 puer!
611 2201 713 2261 ridenti
741 2201 823 2262 metri
849 2208 882 2260 ut
911 2200 1090 2286 intelligente

137 2365 139 2378 ,
199 2307 259 2368 risu
279 2305 465 2384 respondeus!
510 2304 580 2363 Num
602 2310 708 2363 certum
724 2310 784 2375 est,
804 2303 928 2383 propitio
949 2303 1004 2364 dee
1026 2325 1089 2384 pro·

199 2409 324 2488 pitioque
346 2407 399 2465 deo
422 2414 532 2476 nutum,
553 2404 583 2464 id
604 2413 663 2476 est,
685 2403 794 2464 felicem
812 2403 969 2484 fortemque
984 2412 1088 2480 nutum,

198 2511 273 2570 lueto
295 2516 325 2566 te
346 2506 405 2564 risu
427 2526 445 2564 e
466 2506 629 2583 perentibus
641 2505 791 2566 salutatum
813 2505 862 2564 iri!
886 2537 928 2550 -
969 2505 1088 2567 Poetice

197 2610 227 2669 id
248 2624 427 2670 conversum:
471 2605 599 2664 'Pontum
625 2605 652 2663 ei
680 2625 784 2684 puero,
812 2626 893 2685 quem
920 2608 956 2666 od
978 2614 1089 2686 partum

197 2708 291 2770 vocati
313 2706 351 2764 dii
372 2704 576 2786 neglexerunt,
599 2707 800 2785 aparentibus
823 2728 880 2767 nou
894 2708 1012 2768 urrisun
1035 2716 1087 2768 est.

197 2810 343 2870 Nobilibus
365 2805 459 2884 pueris
482 2805 579 2878 editis,
601 2807 798 2889 Philargyrius
820 2816 849 2868 et
870 2809 1003 2880 Servius,
1027 2810 1086 2888 qui-

95 2948 101 2962 =
197 2913 250 2971 bus
271 2911 299 2970 in
322 2909 365 2968 bis
387 2909 470 2968 rebus
492 2916 570 2968 recte
590 2907 662 2968 fides
684 2909 817 2982 babetur,
855 2916 988 2968 unctores
1010 2917 1086 2980 sunt,

197 3013 226 3071 in
257 3015 365 3084 atrio,
400 3009 475 3088 quod
497 3011 650 3070 sacrarium
678 3018 756 3070 esset
785 3009 939 3089 privatum,
973 3019 1087 3090 prester

198 3116 316 3173 lectum
336 3113 465 3172 Junom·
487 3111 657 3184 Meinas,
681 3131 753 3189 quae
775 3111 910 3189 prrrtubns
929 3099 1087 3191 praeesset·

197 3221 327 3286 strumum,
351 3214 494 3272 Herculi
512 3232 636 3290 quoque,
659 3213 712 3272 deo
730 3210 919 3284 fortitudinis,
942 3233 1086 3277 mucan

196 3316 315 3394 positum
338 3332 415 3371 esse:
450 3312 577 3372 nimirum
604 3312 651 3391 qui
677 3312 826 3383 infantem,
855 3315 1086 3391 quemadmodum

197 3415 306 3472 Horatii
328 3411 503 3490 lllelponrene
525 3421 688 3472 noscentem
709 3419 836 3492 po'e'tonr,
864 3405 1007 3477 musculae
1029 3415 1084 3475 vir-
