<?xml version="1.0" encoding="UTF-8"?>
<!DOCTYPE html PUBLIC "-//W3C//DTD XHTML 1.0 Transitional//EN"
    "http://www.w3.org/TR/xhtml1/DTD/xhtml1-transitional.dtd">
<html xmlns="http://www.w3.org/1999/xhtml" xml:lang="en" lang="en">
 <head>
  <title>
</title>
<meta http-equiv="Content-Type" content="text/html;charset=utf-8" />
  <meta name='ocr-system' content='tesseract 3.04.00' />
  <meta name='ocr-capabilities' content='ocr_page ocr_carea ocr_par ocr_line ocrx_word'/>
</head>
<body>
  <div class='ocr_page' id='page_1' title='image "./johannishenrici00reingoog/johannishenrici00reingoog_0277.png"; bbox 0 0 2394 3980; ppageno 0'>
   <div class='ocr_carea' id='block_1_1' title="bbox 359 208 999 284">
    <p class='ocr_par' dir='ltr' id='par_1_1' title="bbox 359 208 999 284">
     <span class='ocr_line' id='line_1_1' title="bbox 359 208 999 284; baseline 0 -8"><span class='ocrx_word' id='word_1_1' title='bbox 359 208 580 276; x_wconf 65' lang='grc' dir='ltr'><strong>11111011Αή.</strong></span> <span class='ocrx_word' id='word_1_2' title='bbox 604 219 751 276; x_wconf 77' lang='grc'><strong>111-111,</strong></span> <span class='ocrx_word' id='word_1_3' title='bbox 955 224 999 284; x_wconf 70' lang='grc'><strong>51</strong></span> 
     </span>
    </p>
   </div>
   <div class='ocr_carea' id='block_1_2' title="bbox 185 367 965 616">
    <p class='ocr_par' dir='ltr' id='par_1_2' title="bbox 185 367 965 616">
     <span class='ocr_line' id='line_1_2' title="bbox 186 367 933 448; baseline 0 -16"><span class='ocrx_word' id='word_1_4' title='bbox 186 381 241 433; x_wconf 82' lang='lat' dir='ltr'><strong>Ter</strong></span> <span class='ocrx_word' id='word_1_5' title='bbox 257 379 385 434; x_wconf 76' lang='lat' dir='ltr'><strong>clamauit:</strong></span> <span class='ocrx_word' id='word_1_6' title='bbox 403 379 484 446; x_wconf 81' lang='lat' dir='ltr'><strong>Hyla!</strong></span> <span class='ocrx_word' id='word_1_7' title='bbox 502 395 580 448; x_wconf 85' lang='lat' dir='ltr'><strong>quem</strong></span> <span class='ocrx_word' id='word_1_8' title='bbox 596 384 684 444; x_wconf 73' lang='lat' dir='ltr'><strong>guam</strong></span> <span class='ocrx_word' id='word_1_9' title='bbox 699 367 783 432; x_wconf 81' lang='lat' dir='ltr'><strong>ructat</strong></span> <span class='ocrx_word' id='word_1_10' title='bbox 797 386 933 446; x_wconf 82' lang='lat' dir='ltr'><strong>apertam,</strong></span> 
     </span>
     <span class='ocr_line' id='line_1_3' title="bbox 186 462 815 532; baseline -0.003 -16"><span class='ocrx_word' id='word_1_11' title='bbox 186 465 239 518; x_wconf 83' lang='lat' dir='ltr'><strong>Ter</strong></span> <span class='ocrx_word' id='word_1_12' title='bbox 255 481 320 532; x_wconf 87' lang='lat' dir='ltr'><strong>puer</strong></span> <span class='ocrx_word' id='word_1_13' title='bbox 335 465 465 518; x_wconf 78' lang='lat' dir='ltr'><strong>audierat:</strong></span> <span class='ocrx_word' id='word_1_14' title='bbox 490 463 573 516; x_wconf 84' lang='lat' dir='ltr'><strong>tenuis</strong></span> <span class='ocrx_word' id='word_1_15' title='bbox 591 480 642 516; x_wconf 83' lang='lat' dir='ltr'><strong>vox</strong></span> <span class='ocrx_word' id='word_1_16' title='bbox 658 462 722 516; x_wconf 85' lang='lat' dir='ltr'><strong>exiit</strong></span> <span class='ocrx_word' id='word_1_17' title='bbox 738 462 815 515; x_wconf 86' lang='lat' dir='ltr'><strong>undis</strong></span> 
     </span>
     <span class='ocr_line' id='line_1_4' title="bbox 185 547 965 616; baseline -0.001 -15"><span class='ocrx_word' id='word_1_18' title='bbox 185 549 236 601; x_wconf 84' lang='lat' dir='ltr'><strong>Sed</strong></span> <span class='ocrx_word' id='word_1_19' title='bbox 253 554 352 602; x_wconf 65' lang='lat' dir='ltr'><strong>umen:</strong></span> <span class='ocrx_word' id='word_1_20' title='bbox 371 555 411 614; x_wconf 90' lang='lat' dir='ltr'><strong>et,</strong></span> <span class='ocrx_word' id='word_1_21' title='bbox 429 565 550 616; x_wconf 79' lang='lat' dir='ltr'><strong>praesens</strong></span> <span class='ocrx_word' id='word_1_22' title='bbox 568 548 654 614; x_wconf 85' lang='lat' dir='ltr'><strong>etiam,</strong></span> <span class='ocrx_word' id='word_1_23' title='bbox 673 549 762 616; x_wconf 84' lang='lat' dir='ltr'><strong>procul</strong></span> <span class='ocrx_word' id='word_1_24' title='bbox 780 563 840 600; x_wconf 84' lang='lat' dir='ltr'><strong>esse</strong></span> <span class='ocrx_word' id='word_1_25' title='bbox 856 547 965 600; x_wconf 80' lang='lat' dir='ltr'><strong>videtur.</strong></span> 
     </span>
    </p>
   </div>
   <div class='ocr_carea' id='block_1_3' title="bbox 118 662 999 750">
    <p class='ocr_par' dir='ltr' id='par_1_3' title="bbox 118 647 999 750">
     <span class='ocr_line' id='line_1_5' title="bbox 118 662 999 750; baseline 0 -22"><span class='ocrx_word' id='word_1_26' title='bbox 118 662 281 728; x_wconf 80' lang='lat' dir='ltr'><strong>lltiam&#39;aub</strong></span> <span class='ocrx_word' id='word_1_27' title='bbox 303 670 520 749; x_wconf 85' lang='lat' dir='ltr'><strong>lmperaturibus</strong></span> <span class='ocrx_word' id='word_1_28' title='bbox 543 667 651 750; x_wconf 73' lang='lat' dir='ltr'><strong>(Strui.</strong></span> <span class='ocrx_word' id='word_1_29' title='bbox 674 668 738 726; x_wconf 87' lang='lat' dir='ltr'><strong>Xll.</strong></span> <span class='ocrx_word' id='word_1_30' title='bbox 757 691 783 748; x_wconf 89' lang='lat' dir='ltr'><strong>p.</strong></span> <span class='ocrx_word' id='word_1_31' title='bbox 798 664 888 748; x_wconf 78' lang='grc'>564.)</span> <span class='ocrx_word' id='word_1_32' title='bbox 911 687 999 745; x_wconf 87' lang='lat' dir='ltr'><strong>puero</strong></span> 
     </span>
    </p>
   </div>
   <div class='ocr_carea' id='block_1_4' title="bbox 9 769 1003 832">
    <p class='ocr_par' dir='ltr' id='par_1_4' title="bbox 9 769 1003 832">
     <span class='ocr_line' id='line_1_6' title="bbox 9 769 1003 832; baseline 0.001 -2"><span class='ocrx_word' id='word_1_33' title='bbox 9 778 13 789; x_wconf 91' lang='lat'>&#39;</span> <span class='ocrx_word' id='word_1_34' title='bbox 117 770 191 830; x_wconf 87' lang='lat' dir='ltr'><strong>inter</strong></span> <span class='ocrx_word' id='word_1_35' title='bbox 217 771 295 830; x_wconf 87' lang='lat' dir='ltr'><strong>Dens</strong></span> <span class='ocrx_word' id='word_1_36' title='bbox 321 772 411 831; x_wconf 83' lang='lat' dir='ltr'><strong>relato</strong></span> <span class='ocrx_word' id='word_1_37' title='bbox 432 792 450 830; x_wconf 91' lang='lat' dir='ltr'><strong>a</strong></span> <span class='ocrx_word' id='word_1_38' title='bbox 470 772 660 832; x_wconf 73' lang='lat' dir='ltr'><strong>Prusensilius</strong></span> <span class='ocrx_word' id='word_1_39' title='bbox 680 771 741 830; x_wconf 87' lang='lat' dir='ltr'><strong>dies</strong></span> <span class='ocrx_word' id='word_1_40' title='bbox 762 769 855 828; x_wconf 79' lang='lat' dir='ltr'><strong>festus</strong></span> <span class='ocrx_word' id='word_1_41' title='bbox 877 769 1003 831; x_wconf 79' lang='lat' dir='ltr'><strong>celebra·</strong></span> 
     </span>
    </p>
   </div>
   <div class='ocr_carea' id='block_1_5' title="bbox 116 871 1047 1050">
    <p class='ocr_par' dir='ltr' id='par_1_5' title="bbox 116 871 1047 1050">
     <span class='ocr_line' id='line_1_7' title="bbox 118 871 1003 950; baseline -0.005 -18"><span class='ocrx_word' id='word_1_42' title='bbox 118 871 214 945; x_wconf 82' lang='lat' dir='ltr'><strong>batur,</strong></span> <span class='ocrx_word' id='word_1_43' title='bbox 238 892 321 950; x_wconf 81' lang='lat' dir='ltr'><strong>quum</strong></span> <span class='ocrx_word' id='word_1_44' title='bbox 343 873 509 932; x_wconf 72' lang='lat' dir='ltr'><strong>bacchantes</strong></span> <span class='ocrx_word' id='word_1_45' title='bbox 532 873 561 930; x_wconf 90' lang='lat' dir='ltr'><strong>in</strong></span> <span class='ocrx_word' id='word_1_46' title='bbox 581 871 722 930; x_wconf 82' lang='lat' dir='ltr'><strong>mantibus</strong></span> <span class='ocrx_word' id='word_1_47' title='bbox 743 871 816 948; x_wconf 82' lang='lat' dir='ltr'><strong>Hyle</strong></span> <span class='ocrx_word' id='word_1_48' title='bbox 838 871 1003 930; x_wconf 80' lang='lat' dir='ltr'><strong>clamarent.</strong></span> 
     </span>
     <span class='ocr_line' id='line_1_8' title="bbox 116 956 1047 1050; baseline -0.004 -16"><span class='ocrx_word' id='word_1_49' title='bbox 116 974 160 1034; x_wconf 77' lang='lat' dir='ltr'><strong>Ad</strong></span> <span class='ocrx_word' id='word_1_50' title='bbox 182 973 306 1044; x_wconf 83' lang='lat' dir='ltr'><strong>sontem‚&#39;</strong></span> <span class='ocrx_word' id='word_1_51' title='bbox 319 974 479 1032; x_wconf 79' lang='lat' dir='ltr'><strong>Antoninus</strong></span> <span class='ocrx_word' id='word_1_52' title='bbox 497 974 636 1032; x_wconf 82' lang='lat' dir='ltr'><strong>Liberalis</strong></span> <span class='ocrx_word' id='word_1_53' title='bbox 657 972 757 1050; x_wconf 86' lang='lat' dir='ltr'><strong>inquit,</strong></span> <span class='ocrx_word' id='word_1_54' title='bbox 780 971 806 1030; x_wconf 91' lang='lat' dir='ltr'><strong>ei</strong></span> <span class='ocrx_word' id='word_1_55' title='bbox 823 969 1003 1044; x_wconf 77' lang='lat' dir='ltr'><strong>sacrificent3</strong></span> <span class='ocrx_word' id='word_1_56' title='bbox 1035 956 1047 982; x_wconf 72' lang='lat'><strong>⁹</strong></span> 
     </span>
    </p>
   </div>
   <div class='ocr_carea' id='block_1_6' title="bbox 5 1064 1004 1154">
    <p class='ocr_par' dir='ltr' id='par_1_6' title="bbox 5 1064 1004 1154">
     <span class='ocr_line' id='line_1_9' title="bbox 5 1064 1004 1154; baseline -0.002 -22"><span class='ocrx_word' id='word_1_57' title='bbox 5 1067 6 1076; x_wconf 43' lang='lat'>¹</span> <span class='ocrx_word' id='word_1_58' title='bbox 116 1081 184 1154; x_wconf 84' lang='lat' dir='ltr'><strong>post</strong></span> <span class='ocrx_word' id='word_1_59' title='bbox 209 1075 354 1153; x_wconf 27' lang='lat' dir='ltr'><strong>quainter</strong></span> <span class='ocrx_word' id='word_1_60' title='bbox 382 1093 444 1134; x_wconf 90' lang='lat' dir='ltr'><strong>eum</strong></span> <span class='ocrx_word' id='word_1_61' title='bbox 471 1074 604 1134; x_wconf 81' lang='lat' dir='ltr'><strong>sacerdos</strong></span> <span class='ocrx_word' id='word_1_62' title='bbox 632 1073 744 1132; x_wconf 87' lang='lat' dir='ltr'><strong>nomine</strong></span> <span class='ocrx_word' id='word_1_63' title='bbox 771 1064 884 1142; x_wconf 86' lang='lat' dir='ltr'><strong>voeet‚&#39;</strong></span> <span class='ocrx_word' id='word_1_64' title='bbox 903 1081 1004 1150; x_wconf 85' lang='lat' dir='ltr'><strong>terque</strong></span> 
     </span>
    </p>
   </div>
   <div class='ocr_carea' id='block_1_7' title="bbox 113 1174 1090 1975">
    <p class='ocr_par' dir='ltr' id='par_1_7' title="bbox 113 1174 1090 1662">
     <span class='ocr_line' id='line_1_10' title="bbox 115 1174 1005 1254; baseline -0.003 -21"><span class='ocrx_word' id='word_1_65' title='bbox 115 1174 300 1254; x_wconf 74' lang='lat' dir='ltr'><strong>imago-voci</strong></span> <span class='ocrx_word' id='word_1_66' title='bbox 321 1183 446 1236; x_wconf 85' lang='lat' dir='ltr'><strong>resonat.</strong></span> <span class='ocrx_word' id='word_1_67' title='bbox 489 1175 689 1234; x_wconf 83' lang='lat' dir='ltr'><strong>Alter-versus</strong></span> <span class='ocrx_word' id='word_1_68' title='bbox 704 1181 909 1254; x_wconf 76' lang='lat' dir='ltr'><strong>argumentum</strong></span> <span class='ocrx_word' id='word_1_69' title='bbox 930 1192 1005 1230; x_wconf 78' lang='lat' dir='ltr'><strong>sono</strong></span> 
     </span>
     <span class='ocr_line' id='line_1_11' title="bbox 113 1275 1004 1351; baseline -0.002 -17"><span class='ocrx_word' id='word_1_70' title='bbox 113 1295 171 1335; x_wconf 83' lang='lat' dir='ltr'><strong>sno</strong></span> <span class='ocrx_word' id='word_1_71' title='bbox 193 1295 273 1334; x_wconf 87' lang='lat' dir='ltr'><strong>snam</strong></span> <span class='ocrx_word' id='word_1_72' title='bbox 293 1276 431 1348; x_wconf 77' lang='lat' dir='ltr'><strong>imitatur,</strong></span> <span class='ocrx_word' id='word_1_73' title='bbox 469 1277 579 1336; x_wconf 83' lang='lat' dir='ltr'><strong>Graeca</strong></span> <span class='ocrx_word' id='word_1_74' title='bbox 598 1275 708 1333; x_wconf 87' lang='lat' dir='ltr'><strong>ratione</strong></span> <span class='ocrx_word' id='word_1_75' title='bbox 730 1275 888 1345; x_wconf 62' lang='lat' dir='ltr'><strong>dimensum</strong></span> <span class='ocrx_word' id='word_1_76' title='bbox 919 1292 1004 1351; x_wconf 79' lang='lat' dir='ltr'><strong>quum</strong></span> 
     </span>
     <span class='ocr_line' id='line_1_12' title="bbox 117 1374 1004 1456; baseline -0.002 -20"><span class='ocrx_word' id='word_1_77' title='bbox 117 1385 246 1436; x_wconf 86' lang='lat' dir='ltr'><strong>extrema</strong></span> <span class='ocrx_word' id='word_1_78' title='bbox 266 1378 370 1438; x_wconf 85' lang='lat' dir='ltr'><strong>vocalis</strong></span> <span class='ocrx_word' id='word_1_79' title='bbox 392 1397 415 1436; x_wconf 82' lang='lat' dir='ltr'><strong>a</strong></span> <span class='ocrx_word' id='word_1_80' title='bbox 436 1397 491 1438; x_wconf 87' lang='lat' dir='ltr'><strong>nan</strong></span> <span class='ocrx_word' id='word_1_81' title='bbox 515 1376 643 1456; x_wconf 86' lang='lat' dir='ltr'><strong>proxima</strong></span> <span class='ocrx_word' id='word_1_82' title='bbox 663 1376 755 1436; x_wconf 77' lang='lat' dir='ltr'><strong>vocali</strong></span> <span class='ocrx_word' id='word_1_83' title='bbox 774 1375 931 1452; x_wconf 71' lang='lat' dir='ltr'><strong>liquescat,</strong></span> <span class='ocrx_word' id='word_1_84' title='bbox 951 1374 1004 1434; x_wconf 67' lang='lat' dir='ltr'><strong>sel</strong></span> 
     </span>
     <span class='ocr_line' id='line_1_13' title="bbox 117 1472 1090 1558; baseline -0.002 -22"><span class='ocrx_word' id='word_1_85' title='bbox 117 1478 304 1556; x_wconf 79' lang='lat' dir='ltr'><strong>corripiatur,</strong></span> <span class='ocrx_word' id='word_1_86' title='bbox 327 1484 520 1558; x_wconf 80' lang='lat' dir='ltr'><strong>praeterquam</strong></span> <span class='ocrx_word' id='word_1_87' title='bbox 542 1477 571 1536; x_wconf 88' lang='lat' dir='ltr'><strong>in</strong></span> <span class='ocrx_word' id='word_1_88' title='bbox 593 1472 666 1547; x_wconf 89' lang='lat' dir='ltr'><strong>arsi,</strong></span> <span class='ocrx_word' id='word_1_89' title='bbox 689 1495 769 1554; x_wconf 86' lang='lat' dir='ltr'><strong>quae,</strong></span> <span class='ocrx_word' id='word_1_90' title='bbox 791 1475 922 1555; x_wconf 84' lang='lat' dir='ltr'><strong>quamuis</strong></span> <span class='ocrx_word' id='word_1_91' title='bbox 941 1475 1004 1535; x_wconf 79' lang='lat' dir='ltr'><strong>lra-</strong></span> <span class='ocrx_word' id='word_1_92' title='bbox 1088 1539 1090 1544; x_wconf 22' lang='lat' dir='ltr'><strong><em>s</em></strong></span> 
     </span>
     <span class='ocr_line' id='line_1_14' title="bbox 117 1578 875 1662; baseline -0.004 -22"><span class='ocrx_word' id='word_1_93' title='bbox 117 1578 180 1650; x_wconf 83' lang='lat' dir='ltr'><strong>uia,</strong></span> <span class='ocrx_word' id='word_1_94' title='bbox 201 1580 344 1658; x_wconf 82' lang='lat' dir='ltr'><strong>producit:</strong></span> <span class='ocrx_word' id='word_1_95' title='bbox 374 1580 481 1662; x_wconf 67' lang='lat' dir='ltr'><strong>Hyla,</strong></span> <span class='ocrx_word' id='word_1_96' title='bbox 502 1581 595 1662; x_wconf 60' lang='lat' dir='ltr'><strong>Hyle</strong></span> <span class='ocrx_word' id='word_1_97' title='bbox 617 1598 708 1638; x_wconf 73' lang='lat' dir='ltr'><strong>amna</strong></span> <span class='ocrx_word' id='word_1_98' title='bbox 729 1588 875 1638; x_wconf 63' lang='lat' dir='ltr'><strong>sonaret.</strong></span> 
     </span>
    </p>

    <p class='ocr_par' dir='ltr' id='par_1_8' title="bbox 116 1676 1052 1975">
     <span class='ocr_line' id='line_1_15' title="bbox 203 1676 1052 1775; baseline 0 -19"><span class='ocrx_word' id='word_1_99' title='bbox 203 1701 361 1758; x_wconf 53' lang='lat' dir='ltr'><strong>ata-46.</strong></span> <span class='ocrx_word' id='word_1_100' title='bbox 411 1697 495 1757; x_wconf 84' lang='lat' dir='ltr'><strong>Canit</strong></span> <span class='ocrx_word' id='word_1_101' title='bbox 534 1716 659 1775; x_wconf 79' lang='lat' dir='ltr'><strong>quaque,</strong></span> <span class='ocrx_word' id='word_1_102' title='bbox 695 1694 795 1756; x_wconf 78' lang='lat' dir='ltr'><strong>infelix</strong></span> <span class='ocrx_word' id='word_1_103' title='bbox 833 1693 1011 1773; x_wconf 63' lang='lat' dir='ltr'><strong>Pasiphae·</strong></span> <span class='ocrx_word' id='word_1_104' title='bbox 1049 1676 1052 1682; x_wconf 16' lang='grc'><em>1</em></span> 
     </span>
     <span class='ocr_line' id='line_1_16' title="bbox 116 1797 1003 1876; baseline 0 -22"><span class='ocrx_word' id='word_1_105' title='bbox 116 1798 258 1876; x_wconf 74' lang='lat' dir='ltr'><strong>quamodo</strong></span> <span class='ocrx_word' id='word_1_106' title='bbox 280 1797 356 1859; x_wconf 81' lang='lat' dir='ltr'><strong>nivei</strong></span> <span class='ocrx_word' id='word_1_107' title='bbox 377 1799 451 1857; x_wconf 90' lang='lat' dir='ltr'><strong>tauri</strong></span> <span class='ocrx_word' id='word_1_108' title='bbox 471 1816 568 1857; x_wconf 87' lang='lat' dir='ltr'><strong>amare</strong></span> <span class='ocrx_word' id='word_1_109' title='bbox 589 1797 718 1855; x_wconf 67' lang='lat' dir='ltr'><strong>solatium</strong></span> <span class='ocrx_word' id='word_1_110' title='bbox 734 1797 887 1874; x_wconf 76' lang='lat' dir='ltr'><strong>acceperit</strong></span> <span class='ocrx_word' id='word_1_111' title='bbox 929 1798 1003 1854; x_wconf 78' lang='lat' dir='ltr'><strong>Poa-</strong></span> 
     </span>
     <span class='ocr_line' id='line_1_17' title="bbox 117 1896 1006 1975; baseline -0.002 -18"><span class='ocrx_word' id='word_1_112' title='bbox 117 1898 194 1967; x_wconf 84' lang='lat' dir='ltr'><strong>tiee‚</strong></span> <span class='ocrx_word' id='word_1_113' title='bbox 224 1898 333 1955; x_wconf 84' lang='lat' dir='ltr'><strong>solatur</strong></span> <span class='ocrx_word' id='word_1_114' title='bbox 354 1917 429 1968; x_wconf 86' lang='lat' dir='ltr'><strong>eam,</strong></span> <span class='ocrx_word' id='word_1_115' title='bbox 452 1897 679 1975; x_wconf 80' lang='lat' dir='ltr'><strong>quemadmodum</strong></span> <span class='ocrx_word' id='word_1_116' title='bbox 700 1917 726 1955; x_wconf 82' lang='lat' dir='ltr'><strong>v.</strong></span> <span class='ocrx_word' id='word_1_117' title='bbox 749 1903 800 1956; x_wconf 75' lang='lat'><strong>62.</strong></span> <span class='ocrx_word' id='word_1_118' title='bbox 821 1896 931 1954; x_wconf 84' lang='lat' dir='ltr'><strong>cortice</strong></span> <span class='ocrx_word' id='word_1_119' title='bbox 949 1897 1006 1955; x_wconf 86' lang='lat' dir='ltr'><strong>cir·</strong></span> 
     </span>
    </p>
   </div>
   <div class='ocr_carea' id='block_1_8' title="bbox 3 1991 1124 2481">
    <p class='ocr_par' dir='ltr' id='par_1_9' title="bbox 3 1991 1124 2481">
     <span class='ocr_line' id='line_1_18' title="bbox 3 1991 1007 2078; baseline 0.002 -20"><span class='ocrx_word' id='word_1_120' title='bbox 3 2027 4 2032; x_wconf 43' lang='lat'>¹</span> <span class='ocrx_word' id='word_1_121' title='bbox 117 1997 242 2058; x_wconf 77' lang='lat' dir='ltr'><strong>cumdat.</strong></span> <span class='ocrx_word' id='word_1_122' title='bbox 294 1997 448 2076; x_wconf 61' lang='lat' dir='ltr'><strong>Pasiphae,</strong></span> <span class='ocrx_word' id='word_1_123' title='bbox 479 2019 497 2058; x_wconf 91' lang='grc'><strong>11</strong></span> <span class='ocrx_word' id='word_1_124' title='bbox 525 1999 593 2058; x_wconf 84' lang='lat' dir='ltr'><strong>Sole</strong></span> <span class='ocrx_word' id='word_1_125' title='bbox 615 1991 759 2078; x_wconf 74' lang='grc' dir='ltr'>(Ἥλιος)</span> <span class='ocrx_word' id='word_1_126' title='bbox 782 2004 812 2072; x_wconf 86' lang='lat' dir='ltr'><strong>et</strong></span> <span class='ocrx_word' id='word_1_127' title='bbox 833 1997 925 2055; x_wconf 81' lang='lat' dir='ltr'><strong>Perae</strong></span> <span class='ocrx_word' id='word_1_128' title='bbox 944 1997 1007 2060; x_wconf 73' lang='lat' dir='ltr'><strong>utre</strong></span> 
     </span>
     <span class='ocr_line' id='line_1_19' title="bbox 3 2083 1100 2182; baseline 0.002 -24"><span class='ocrx_word' id='word_1_129' title='bbox 3 2155 4 2168; x_wconf 64' lang='grc'>,</span> <span class='ocrx_word' id='word_1_130' title='bbox 118 2099 256 2160; x_wconf 83' lang='lat' dir='ltr'><strong>Perseide</strong></span> <span class='ocrx_word' id='word_1_131' title='bbox 277 2107 358 2178; x_wconf 84' lang='lat' dir='ltr'><strong>parta</strong></span> <span class='ocrx_word' id='word_1_132' title='bbox 380 2100 469 2171; x_wconf 81' lang='lat' dir='ltr'><strong>edita,</strong></span> <span class='ocrx_word' id='word_1_133' title='bbox 496 2119 579 2159; x_wconf 87' lang='lat' dir='ltr'><strong>saror</strong></span> <span class='ocrx_word' id='word_1_134' title='bbox 600 2099 723 2159; x_wconf 79' lang='lat' dir='ltr'><strong>Calchici</strong></span> <span class='ocrx_word' id='word_1_135' title='bbox 745 2099 824 2182; x_wconf 76' lang='lat' dir='ltr'><strong>regis</strong></span> <span class='ocrx_word' id='word_1_136' title='bbox 846 2099 956 2160; x_wconf 78' lang='lat' dir='ltr'><strong>Aeetae</strong></span> <span class='ocrx_word' id='word_1_137' title='bbox 975 2106 1008 2160; x_wconf 88' lang='lat' dir='ltr'><strong>et</strong></span> <span class='ocrx_word' id='word_1_138' title='bbox 1096 2083 1100 2090; x_wconf 41' lang='lat'>⁵</span> 
     </span>
     <span class='ocr_line' id='line_1_20' title="bbox 121 2200 1005 2281; baseline 0.002 -21"><span class='ocrx_word' id='word_1_139' title='bbox 121 2201 235 2273; x_wconf 80' lang='lat' dir='ltr'><strong>Circes3</strong></span> <span class='ocrx_word' id='word_1_140' title='bbox 256 2202 330 2279; x_wconf 85' lang='lat' dir='ltr'><strong>qnod</strong></span> <span class='ocrx_word' id='word_1_141' title='bbox 350 2201 501 2262; x_wconf 84' lang='lat' dir='ltr'><strong>verisimile</strong></span> <span class='ocrx_word' id='word_1_142' title='bbox 522 2209 575 2272; x_wconf 83' lang='lat' dir='ltr'><strong>est,</strong></span> <span class='ocrx_word' id='word_1_143' title='bbox 596 2201 656 2259; x_wconf 91' lang='lat' dir='ltr'><strong>filia</strong></span> <span class='ocrx_word' id='word_1_144' title='bbox 676 2202 794 2280; x_wconf 85' lang='lat' dir='ltr'><strong>alicujus</strong></span> <span class='ocrx_word' id='word_1_145' title='bbox 810 2200 948 2281; x_wconf 75' lang='lat' dir='ltr'><strong>principis</strong></span> <span class='ocrx_word' id='word_1_146' title='bbox 966 2221 1005 2262; x_wconf 82' lang='lat' dir='ltr'><strong>ax</strong></span> 
     </span>
     <span class='ocr_line' id='line_1_21' title="bbox 120 2301 1007 2378; baseline 0 -18"><span class='ocrx_word' id='word_1_147' title='bbox 120 2302 258 2360; x_wconf 87' lang='lat' dir='ltr'><strong>interiore</strong></span> <span class='ocrx_word' id='word_1_148' title='bbox 274 2301 351 2372; x_wconf 82' lang='lat' dir='ltr'><strong>Asia,</strong></span> <span class='ocrx_word' id='word_1_149' title='bbox 373 2321 444 2378; x_wconf 84' lang='lat' dir='ltr'><strong>quae</strong></span> <span class='ocrx_word' id='word_1_150' title='bbox 465 2301 513 2361; x_wconf 84' lang='lat' dir='ltr'><strong>vix</strong></span> <span class='ocrx_word' id='word_1_151' title='bbox 529 2303 564 2359; x_wconf 85' lang='lat' dir='ltr'><strong>ad</strong></span> <span class='ocrx_word' id='word_1_152' title='bbox 582 2301 709 2360; x_wconf 85' lang='lat' dir='ltr'><strong>Persiam</strong></span> <span class='ocrx_word' id='word_1_153' title='bbox 731 2319 821 2378; x_wconf 89' lang='lat' dir='ltr'><strong>usque</strong></span> <span class='ocrx_word' id='word_1_154' title='bbox 843 2308 912 2359; x_wconf 86' lang='lat' dir='ltr'><strong>nota</strong></span> <span class='ocrx_word' id='word_1_155' title='bbox 933 2308 1007 2373; x_wconf 85' lang='lat' dir='ltr'><strong>erat,</strong></span> 
     </span>
     <span class='ocr_line' id='line_1_22' title="bbox 120 2400 1124 2481; baseline -0.003 -19"><span class='ocrx_word' id='word_1_156' title='bbox 120 2403 219 2481; x_wconf 81' lang='lat' dir='ltr'><strong>nupsit</strong></span> <span class='ocrx_word' id='word_1_157' title='bbox 245 2400 358 2459; x_wconf 81' lang='lat' dir='ltr'><strong>Cretico</strong></span> <span class='ocrx_word' id='word_1_158' title='bbox 386 2401 450 2480; x_wconf 80' lang='lat' dir='ltr'><strong>regi</strong></span> <span class='ocrx_word' id='word_1_159' title='bbox 476 2401 579 2474; x_wconf 86' lang='lat' dir='ltr'><strong>Minui,</strong></span> <span class='ocrx_word' id='word_1_160' title='bbox 607 2400 688 2460; x_wconf 87' lang='lat' dir='ltr'><strong>Jouis</strong></span> <span class='ocrx_word' id='word_1_161' title='bbox 711 2419 748 2458; x_wconf 87' lang='lat' dir='ltr'><strong>ex</strong></span> <span class='ocrx_word' id='word_1_162' title='bbox 769 2400 930 2459; x_wconf 76' lang='lat' dir='ltr'><strong>Phoenissa</strong></span> <span class='ocrx_word' id='word_1_163' title='bbox 948 2401 1007 2459; x_wconf 76' lang='lat' dir='ltr'><strong>Ea·</strong></span> <span class='ocrx_word' id='word_1_164' title='bbox 1118 2401 1124 2416; x_wconf 93' lang='grc'><strong>’</strong></span> 
     </span>
    </p>
   </div>
   <div class='ocr_carea' id='block_1_9' title="bbox 119 2501 1095 3493">
    <p class='ocr_par' dir='ltr' id='par_1_10' title="bbox 119 2501 1095 3493">
     <span class='ocr_line' id='line_1_23' title="bbox 119 2501 1007 2581; baseline -0.001 -19"><span class='ocrx_word' id='word_1_165' title='bbox 119 2523 194 2581; x_wconf 85' lang='lat' dir='ltr'><strong>rupa</strong></span> <span class='ocrx_word' id='word_1_166' title='bbox 214 2501 272 2559; x_wconf 88' lang='lat' dir='ltr'><strong>lilia</strong></span> <span class='ocrx_word' id='word_1_167' title='bbox 294 2508 324 2560; x_wconf 87' lang='lat' dir='ltr'><strong>et</strong></span> <span class='ocrx_word' id='word_1_168' title='bbox 345 2519 400 2560; x_wconf 86' lang='lat' dir='ltr'><strong>ava</strong></span> <span class='ocrx_word' id='word_1_169' title='bbox 423 2502 572 2574; x_wconf 68' lang='lat' dir='ltr'><strong>Nemeaei,</strong></span> <span class='ocrx_word' id='word_1_170' title='bbox 595 2501 738 2561; x_wconf 82' lang='lat' dir='ltr'><strong>bellatoris</strong></span> <span class='ocrx_word' id='word_1_171' title='bbox 758 2501 909 2561; x_wconf 86' lang='lat' dir='ltr'><strong>Homerici.</strong></span> <span class='ocrx_word' id='word_1_172' title='bbox 951 2502 1007 2561; x_wconf 82' lang='lat' dir='ltr'><strong>Mi-</strong></span> 
     </span>
     <span class='ocr_line' id='line_1_24' title="bbox 120 2602 1007 2684; baseline 0.002 -22"><span class='ocrx_word' id='word_1_173' title='bbox 120 2623 192 2674; x_wconf 85' lang='lat' dir='ltr'><strong>nos,</strong></span> <span class='ocrx_word' id='word_1_174' title='bbox 215 2602 284 2660; x_wconf 84' lang='lat' dir='ltr'><strong>mari</strong></span> <span class='ocrx_word' id='word_1_175' title='bbox 305 2603 528 2681; x_wconf 84' lang='lat' dir='ltr'><strong>patentissimus,</strong></span> <span class='ocrx_word' id='word_1_176' title='bbox 550 2603 679 2683; x_wconf 82' lang='lat' dir='ltr'><strong>quoniam</strong></span> <span class='ocrx_word' id='word_1_177' title='bbox 702 2612 811 2663; x_wconf 80' lang='lat' dir='ltr'><strong>tauram</strong></span> <span class='ocrx_word' id='word_1_178' title='bbox 833 2623 853 2663; x_wconf 90' lang='lat' dir='ltr'><strong>a</strong></span> <span class='ocrx_word' id='word_1_179' title='bbox 873 2603 1007 2684; x_wconf 73' lang='lat' dir='ltr'><strong>Neptuno</strong></span> 
     </span>
     <span class='ocr_line' id='line_1_25' title="bbox 122 2681 1007 2783; baseline 0.002 -20"><span class='ocrx_word' id='word_1_180' title='bbox 122 2711 263 2775; x_wconf 83' lang='lat' dir='ltr'><strong>creatum,</strong></span> <span class='ocrx_word' id='word_1_181' title='bbox 286 2714 400 2783; x_wconf 85' lang='lat' dir='ltr'><strong>propter</strong></span> <span class='ocrx_word' id='word_1_182' title='bbox 422 2706 550 2765; x_wconf 81' lang='lat' dir='ltr'><strong>eximiam</strong></span> <span class='ocrx_word' id='word_1_183' title='bbox 571 2689 702 2778; x_wconf 83' lang='lat' dir='ltr'><strong>formam,</strong></span> <span class='ocrx_word' id='word_1_184' title='bbox 725 2721 781 2765; x_wconf 88' lang='lat' dir='ltr'><strong>noa</strong></span> <span class='ocrx_word' id='word_1_185' title='bbox 802 2681 1007 2778; x_wconf 81' lang='lat' dir='ltr'><strong>immolaverat,</strong></span> 
     </span>
     <span class='ocr_line' id='line_1_26' title="bbox 120 2807 1008 2886; baseline 0.002 -22"><span class='ocrx_word' id='word_1_186' title='bbox 120 2807 188 2878; x_wconf 77' lang='lat' dir='ltr'><strong>sed,</strong></span> <span class='ocrx_word' id='word_1_187' title='bbox 219 2811 252 2863; x_wconf 89' lang='lat' dir='ltr'><strong>ut</strong></span> <span class='ocrx_word' id='word_1_188' title='bbox 280 2824 397 2886; x_wconf 76' lang='lat' dir='ltr'><strong>gregem</strong></span> <span class='ocrx_word' id='word_1_189' title='bbox 426 2807 588 2866; x_wconf 85' lang='lat' dir='ltr'><strong>nobiliorem</strong></span> <span class='ocrx_word' id='word_1_190' title='bbox 617 2808 763 2877; x_wconf 81' lang='lat' dir='ltr'><strong>redderet,</strong></span> <span class='ocrx_word' id='word_1_191' title='bbox 795 2807 1008 2881; x_wconf 49' lang='lat' dir='ltr'><strong>destinaveram</strong></span> 
     </span>
     <span class='ocr_line' id='line_1_27' title="bbox 124 2905 1008 2986; baseline 0.002 -22"><span class='ocrx_word' id='word_1_192' title='bbox 124 2907 272 2986; x_wconf 78' lang='lat' dir='ltr'><strong>Neptunus</strong></span> <span class='ocrx_word' id='word_1_193' title='bbox 292 2905 382 2964; x_wconf 84' lang='lat' dir='ltr'><strong>iratus</strong></span> <span class='ocrx_word' id='word_1_194' title='bbox 404 2913 511 2965; x_wconf 87' lang='lat' dir='ltr'><strong>taurum</strong></span> <span class='ocrx_word' id='word_1_195' title='bbox 533 2908 562 2964; x_wconf 91' lang='lat' dir='ltr'><strong>in</strong></span> <span class='ocrx_word' id='word_1_196' title='bbox 584 2906 707 2965; x_wconf 84' lang='lat' dir='ltr'><strong>furorem</strong></span> <span class='ocrx_word' id='word_1_197' title='bbox 728 2907 853 2984; x_wconf 85' lang='lat' dir='ltr'><strong>impulit,</strong></span> <span class='ocrx_word' id='word_1_198' title='bbox 875 2913 905 2964; x_wconf 89' lang='lat' dir='ltr'><strong>et</strong></span> <span class='ocrx_word' id='word_1_199' title='bbox 925 2906 1008 2966; x_wconf 75' lang='lat' dir='ltr'><strong>uut-</strong></span> 
     </span>
     <span class='ocr_line' id='line_1_28' title="bbox 126 3007 1095 3086; baseline 0.001 -20"><span class='ocrx_word' id='word_1_200' title='bbox 126 3009 212 3086; x_wconf 74' lang='lat' dir='ltr'><strong>pheiis</strong></span> <span class='ocrx_word' id='word_1_201' title='bbox 239 3014 295 3065; x_wconf 91' lang='lat' dir='ltr'><strong>tam</strong></span> <span class='ocrx_word' id='word_1_202' title='bbox 322 3025 415 3064; x_wconf 89' lang='lat' dir='ltr'><strong>aerem</strong></span> <span class='ocrx_word' id='word_1_203' title='bbox 437 3007 464 3064; x_wconf 91' lang='lat' dir='ltr'><strong>in</strong></span> <span class='ocrx_word' id='word_1_204' title='bbox 487 3027 549 3064; x_wconf 87' lang='lat' dir='ltr'><strong>enm</strong></span> <span class='ocrx_word' id='word_1_205' title='bbox 571 3007 723 3066; x_wconf 87' lang='lat' dir='ltr'><strong>concitavit</strong></span> <span class='ocrx_word' id='word_1_206' title='bbox 743 3025 882 3078; x_wconf 84' lang='lat' dir='ltr'><strong>amorem,</strong></span> <span class='ocrx_word' id='word_1_207' title='bbox 905 3007 1006 3085; x_wconf 79' lang='lat' dir='ltr'><strong>qualis,</strong></span> <span class='ocrx_word' id='word_1_208' title='bbox 1091 3075 1095 3084; x_wconf 49' lang='grc'>,</span> 
     </span>
     <span class='ocr_line' id='line_1_29' title="bbox 125 3106 1005 3187; baseline 0.005 -22"><span class='ocrx_word' id='word_1_209' title='bbox 125 3125 182 3186; x_wconf 83' lang='lat' dir='ltr'><strong>qao</strong></span> <span class='ocrx_word' id='word_1_210' title='bbox 209 3109 323 3187; x_wconf 81' lang='lat' dir='ltr'><strong>Europa</strong></span> <span class='ocrx_word' id='word_1_211' title='bbox 342 3107 407 3165; x_wconf 90' lang='lat' dir='ltr'><strong>olim</strong></span> <span class='ocrx_word' id='word_1_212' title='bbox 430 3106 682 3186; x_wconf 70' lang='lat' dir='ltr'><strong>permonstrant,</strong></span> <span class='ocrx_word' id='word_1_213' title='bbox 709 3114 742 3165; x_wconf 89' lang='lat' dir='ltr'><strong>at</strong></span> <span class='ocrx_word' id='word_1_214' title='bbox 758 3127 796 3166; x_wconf 84' lang='lat' dir='ltr'><strong>ex</strong></span> <span class='ocrx_word' id='word_1_215' title='bbox 818 3107 873 3166; x_wconf 85' lang='lat' dir='ltr'><strong>deo</strong></span> <span class='ocrx_word' id='word_1_216' title='bbox 894 3115 1005 3169; x_wconf 83' lang='lat' dir='ltr'><strong>taurum</strong></span> 
     </span>
     <span class='ocr_line' id='line_1_30' title="bbox 126 3208 1005 3288; baseline 0.001 -22"><span class='ocrx_word' id='word_1_217' title='bbox 126 3227 178 3287; x_wconf 88' lang='lat' dir='ltr'><strong>per</strong></span> <span class='ocrx_word' id='word_1_218' title='bbox 207 3228 284 3267; x_wconf 85' lang='lat' dir='ltr'><strong>mare</strong></span> <span class='ocrx_word' id='word_1_219' title='bbox 311 3213 484 3287; x_wconf 84' lang='lat' dir='ltr'><strong>aequaretur.</strong></span> <span class='ocrx_word' id='word_1_220' title='bbox 527 3208 582 3268; x_wconf 82' lang='lat' dir='ltr'><strong>Alii</strong></span> <span class='ocrx_word' id='word_1_221' title='bbox 608 3209 719 3280; x_wconf 81' lang='lat' dir='ltr'><strong>dicunt,</strong></span> <span class='ocrx_word' id='word_1_222' title='bbox 746 3208 835 3288; x_wconf 84' lang='lat' dir='ltr'><strong>ipsam</strong></span> <span class='ocrx_word' id='word_1_223' title='bbox 858 3209 1005 3280; x_wconf 82' lang='lat' dir='ltr'><strong>Venerem,</strong></span> 
     </span>
     <span class='ocr_line' id='line_1_31' title="bbox 127 3308 1009 3390; baseline 0.003 -24"><span class='ocrx_word' id='word_1_224' title='bbox 127 3317 161 3366; x_wconf 83' lang='lat' dir='ltr'><strong>at</strong></span> <span class='ocrx_word' id='word_1_225' title='bbox 193 3310 287 3368; x_wconf 76' lang='grc'><strong>81111111</strong></span> <span class='ocrx_word' id='word_1_226' title='bbox 317 3308 488 3388; x_wconf 82' lang='lat' dir='ltr'><strong>proditorem</strong></span> <span class='ocrx_word' id='word_1_227' title='bbox 515 3309 710 3383; x_wconf 81' lang='lat' dir='ltr'><strong>ulcisceretur,</strong></span> <span class='ocrx_word' id='word_1_228' title='bbox 743 3309 816 3368; x_wconf 85' lang='lat' dir='ltr'><strong>filias</strong></span> <span class='ocrx_word' id='word_1_229' title='bbox 843 3312 905 3390; x_wconf 89' lang='lat' dir='ltr'><strong>ejus</strong></span> <span class='ocrx_word' id='word_1_230' title='bbox 932 3310 1009 3390; x_wconf 80' lang='lat' dir='ltr'><strong>turpi</strong></span> 
     </span>
     <span class='ocr_line' id='line_1_32' title="bbox 128 3409 1008 3493; baseline 0.005 -27"><span class='ocrx_word' id='word_1_231' title='bbox 128 3426 224 3468; x_wconf 83' lang='lat' dir='ltr'><strong>amere</strong></span> <span class='ocrx_word' id='word_1_232' title='bbox 251 3409 413 3470; x_wconf 84' lang='lat' dir='ltr'><strong>irretivisse.</strong></span> <span class='ocrx_word' id='word_1_233' title='bbox 462 3409 580 3470; x_wconf 86' lang='lat' dir='ltr'><strong>Daedali</strong></span> <span class='ocrx_word' id='word_1_234' title='bbox 606 3411 719 3470; x_wconf 78' lang='lat' dir='ltr'><strong>solertia</strong></span> <span class='ocrx_word' id='word_1_235' title='bbox 743 3410 773 3469; x_wconf 92' lang='lat' dir='ltr'><strong>in</strong></span> <span class='ocrx_word' id='word_1_236' title='bbox 800 3431 890 3471; x_wconf 78' lang='lat' dir='ltr'><strong>necea</strong></span> <span class='ocrx_word' id='word_1_237' title='bbox 910 3413 1008 3493; x_wconf 79' lang='lat' dir='ltr'><strong>lignea</strong></span> 
     </span>
    </p>
   </div>
   <div class='ocr_carea' id='block_1_10' title="bbox 0 0 1212 3980">
    <p class='ocr_par' dir='ltr' id='par_1_11' title="bbox 0 0 1212 3980">
     <span class='ocr_line' id='line_1_33' title="bbox 0 0 1212 3980; baseline 0 0"><span class='ocrx_word' id='word_1_238' title='bbox 0 0 1212 3980; x_wconf 95' lang='lat' dir='ltr'><strong> </strong></span> 
     </span>
    </p>
   </div>
  </div>
 </body>
</html>
