2394 3980
200 225 242 289 {8
433 213 587 312 necess
609 211 654 271 Vl.
699 213 846 274 18-22

199 386 289 466 plum,
319 389 461 452 ansatum,
491 400 528 442 ex
550 379 668 461 argilla,
697 395 769 438 saxo
790 377 836 438 rol
857 375 985 447 manlio,
1007 379 1085 455 quod

199 503 370 545 communem
402 483 512 562 quidem
529 483 530 489 ’
545 482 581 541 ad
612 499 692 539 usum
719 477 916 549 adhibebatur,
949 477 1086 557 imprimis

199 605 267 647 reno
295 585 407 644 Baccho
435 585 551 663 ejusque
571 582 719 641 comitibus
740 599 849 640 sacrum
872 586 942 640 erat.
986 581 1085 645 Quare

199 688 320 766 superba
352 685 518 766 arrogantia
550 683 695 764 arguitur,
732 701 787 763 qua
821 683 853 740 C.
881 681 989 741 Marius
1014 685 1085 760 post

199 789 327 848 Gimbros
348 788 552 865 Teutonesqua
573 785 680 856 v‘ictos,
703 803 760 843 non
782 783 866 842 aliter
887 791 972 861 atquc
993 783 1085 842 Liber

199 897 280 968 pater
307 895 371 966 post
397 888 520 946 indicam
542 886 722 964 triumphum,
748 901 787 943 ex
808 884 944 964 ejusmodi
960 885 1083 966 cantha-

199 990 239 1048 ris
265 1009 392 1066 semper
418 988 530 1050 bibebat
555 988 594 1058 V,
631 993 687 1047 29:
715 992 813 1044 arator
840 986 974 1065 Arpinas!
1010 986 1083 1044 indi·

198 1097 302 1172 gnatus
323 1089 431 1148 Plinius
454 1087 602 1167 (xxxin,
625 1093 674 1148 53.
695 1088 790 1146 Valet.
811 1087 890 1146 Max.
910 1088 961 1158 ΙΙΙ,
984 1095 1013 1157 6,
1036 1084 1082 1167 6.)

199 1192 320 1262 addidit,
347 1190 527 1269 manipularis
551 1186 602 1270 (cx
623 1188 718 1247 humili
739 1188 802 1247 loco
824 1189 860 1246 ad
881 1207 1014 1246 summam
1040 1189 1082 1246 di·

84 1347 87 1353 .
199 1294 336 1374 gnitatem
361 1289 525 1370 perductus)
549 1289 713 1369 imperator!
757 1290 801 1348 Dc
822 1290 1083 1371 allegoria‚·quam

199 1394 315 1454 Servius
337 1392 472 1451 hocloco
494 1392 614 1461 divinat,
642 1382 672 1451 vi
692 1399 742 1451 31.

284 1499 428 1554 18-2Ι,
471 1493 496 1549 Α
529 1511 597 1550 sena
623 1491 777 1551 venerabili
804 1498 835 1551 et
859 1491 932 1580 artis
952 1485 1083 1551 'ausimo

199 1593 304 1653 amanti
311 1637 320 1667 ,
348 1594 396 1671 qni
422 1594 480 1652 alte
506 1593 669 1654 volitantem
696 1581 834 1652 bacchum
861 1593 1032 1654 adunaverat
1053 1599 1083 1652 et

199 1695 307 1754 artibus
334 1694 510 1765 instituerat,
538 1701 569 1753 et
594 1715 651 1753 uno
679 1714 740 1754 cum
768 1696 884 1774 lllarsya
911 1702 941 1754 at
961 1696 1082 1774 Olympo

198 1795 282 1858 tibias
304 1795 450 1855 invenerat
469 1796 582 1856 Sarac.
605 1796 643 1854 X.
665 1817 692 1874 p.
715 1802 787 1869 470,
809 1802 921 1854 cantum
941 1797 978 1855 ad
999 1815 1083 1856 occa·

199 1897 306 1958 sionem
335 1895 480 1958 familiaria
506 1896 717 1958 consuetudinis
745 1898 857 1976 saepius
879 1897 939 1976 jam
961 1897 1082 1957 studiosi

199 1998 337 2075 Satyrisoi
363 1999 525 2076 promissum
556 1999 704 2074 habebant.
747 1999 843 2062 Quare
868 1973 988 2077 juvdnili
1009 1999 1082 2058 timi-

199 2099 288 2158 ditate
315 2117 389 2156 nunc
416 2099 653 2176 appropinquant,
679 2104 712 2156 ut
739 2097 857 2158 vinculis
879 2100 989 2180 injectis
1011 2101 1081 2160 dila·

113 2189 116 2196 ’
199 2206 290 2258 torem
316 2206 439 2280 cogant3
466 2207 496 2260 et
521 2199 627 2260 lasciva
654 2200 773 2277 nympha
794 2199 913 2259 animum
934 2201 975 2260 iis
992 2203 1080 2262 addit.

199 2302 288 2362 Vetus
308 2300 402 2381 populi
419 2299 518 2385 'opinio
540 2308 615 2373 erat,
644 2301 786 2360 obstrictis
807 2303 932 2360 manibus
953 2302 999 2364 vel
1020 2303 1080 2364 vin·

200 2403 270 2464 calis
292 2403 360 2462 deor
381 2403 417 2462 ad
437 2402 644 2464 vaticinantium
665 2409 695 2461 ct
715 2403 868 2461 canendum
890 2397 959 2484 cogi
979 2424 1080 2483 possea

201 2504 275 2582 quod
297 2502 463 2562 adlenelao
485 2511 515 2562 et
535 2503 666 2561 Aristaeo
687 2503 716 2561 in
737 2504 843 2563 Proteo
864 2503 920 2565 Lh.
937 2505 985 2577 ΙΙ,
1009 2513 1079 2579 396,

200 2604 236 2663 ah
257 2603 379 2660 flercale
399 2603 427 2660 in
448 2603 555 2673 Nereo,
578 2603 703 2662 aPeleo
724 2604 753 2663 in
775 2603 908 2676 Thetide,
929 2625 947 2664 a
967 2607 1080 2668 Baccho

201 2703 230 2762 iu
252 2702 360 2764 Glauco
382 2702 483 2762 Athen.
506 2703 570 2777 Vll,
596 2713 649 2776 123
675 2705 704 2763 in
726 2706 825 2764 Fauno
845 2712 876 2765 et
895 2706 982 2779 Pico,
1003 2710 1080 2768 ltali-

202 2823 297 2865 carnm
316 2803 452 2863 'silvarum
474 2805 600 2877 numine,
628 2826 646 2864 a
666 2808 757 2865 Numa
777 2805 881 2866 factum
902 2817 973 2868 erat.
1016 2812 1081 2890 lpse

201 2906 315 2967 Silenus
340 2906 432 2985 puus,
467 2925 548 2985 quum
576 2927 613 2966 ex
634 2909 760 2968 Thracia
779 2909 919 2969 Bacchum
939 2910 970 2969 in‘
989 2911 1079 2990 Phry-

201 3008 279 3089 giam
299 3007 493 3080 comitaretur,
515 3012 625 3090 araga
645 3010 722 3070 Mida
743 3009 771 3068 in
794 3011 854 3090 ejus
875 3010 979 3070 rosetis
999 3011 1080 3072 lente

202 3107 268 3170 vino
295 3114 452 3187 temperato
479 3110 572 3169 ebrius
594 3109 700 3182 lactus,
723 3119 752 3169 ct
771 3111 889 3171 vinculis
911 3112 1024 3192 injectis
1044 3114 1079 3172 ad

201 3210 313 3269 houm
334 3228 490 3270 sernronem
510 3219 627 3272 coactus
647 3210 748 3283 luerat,
770 3213 850 3292 cujus
870 3213 980 3293 aliquos
1001 3215 1081 3275 locos

203 3310 336 3370 Aelianus
371 3310 425 3380 ΙΙΙ,
453 3319 501 3371 18.
531 3331 547 3370 e
574 3311 772 3392 Theopompo,
807 3320 899 3374 etex
925 3314 1080 3375 Aristotele

203 3409 382 3470 Picumnus,
396 3430 483 3469 cm.
504 3415 552 3471 ad
569 3411 724 3490 Apellea.
745 3421 938 3476 servaverunt.
983 3409 1078 3476 Simila
