2394 3980
154 249 161 271 ¹
190 181 238 244 20
429 168 585 230 sucosa
605 167 653 230 vl.
697 171 844 229 aa-oo,

259 337 326 390 Sunt
341 341 369 388 et
384 353 458 390 mora
475 339 580 390 cruenta
597 337 624 386 et
639 330 716 386 lentis
733 347 784 384 ura
800 326 925 394 naemu,

341 421 377 474 Et
393 421 490 488 pendet
503 420 582 485 junco
599 421 733 470 caeruleus
751 413 874 468 cucumis.

191 522 389 604 Sanguinem
416 545 467 604 pro
494 523 601 594 rubras
623 523 721 601 quales
739 519 816 579 ehuli
837 518 939 578 haecce
960 513 1000 588 X,
1025 523 1077 578 27.

191 635 221 688 ct
243 627 326 704 myrti
347 625 472 706 agrestis
493 624 546 684 hh.
568 625 590 694 1,
614 631 684 696 306,
707 622 743 680 ad
764 621 914 699 Pyramum
935 624 966 676 et
987 617 1078 676 This-

188 729 245 791 hca
263 729 330 788 nhil
349 728 378 786 id
390 726 554 805 respiciens.
605 725 688 784 Mora
698 723 790 782 Mori
800 726 923 798 nigrae
934 719 978 778 L.
991 718 1078 778 terris

190 829 374 910 tepidioribus
396 848 478 906 quum
500 847 556 885 sua·
572 832 674 904 sponte
695 829 841 895 crescant,
867 842 961 880 mora
982 819 1078 881 Ruti

191 929 347 1013 (Niclasad
369 931 498 1008 Geopou.
521 929 555 1000 V,
580 927 644 1005 44.)
667 926 828 1007 intelligere
847 945 906 984 nou
928 942 999 1000 opus
1022 929 1076 982 est·-

220 1105 223 1110 Ι
274 1040 419 1093 23—26.
464 1029 566 1090 Suavis
594 1049 698 1100 senex,
729 1027 775 1087 cui
801 1027 907 1108 Aeglcs
937 1031 1077 1083 venustae

188 1132 295 1194 lasciva
316 1131 472 1213 petulantia
493 1151 549 1188 non
572 1131 683 1188 minime
705 1129 826 1200 arridet,
846 1126 1077 1203 ridetdacaptu-

187 1255 237 1306 ra,
271 1244 301 1294 et
328 1233 491 1312 Satyriscos
519 1231 617 1290 sedulo
639 1231 722 1290 etiam
744 1250 819 1288 nuuc
835 1229 992 1290 vincientes
1010 1228 1075 1285 hor·

187 1341 278 1407 tatur,
311 1341 343 1392 ut
370 1335 491 1412 danique
518 1333 644 1405 solvant3
677 1331 761 1390 etium
787 1331 828 1390 sic
850 1349 882 1416 sc
904 1327 1076 1408 perspicere,

187 1436 252 1514 quid
274 1435 355 1514 pueri
376 1434 499 1494 valcant.
542 1432 654 1490 Vidisse
673 1432 743 1490 satis
761 1438 813 1503 est,
836 1417 960 1513 luterum
976 1428 1075 1500 fidisse,

185 1541 217 1595 ut
246 1555 297 1596 vos
323 1535 461 1614 possetis!¹
502 1533 646 1605 Pueros,
676 1535 797 1614 juvenes
831 1534 951 1610 Satyros
981 1529 1075 1610 lepide

185 1636 267 1708 dicit,
298 1637 361 1695 dum
388 1634 463 1695 forte
493 1631 597 1694 factum
626 1655 739 1706 eorum,
771 1635 846 1713 quod
867 1633 918 1694 vix
939 1631 1002 1690 fieri
1024 1652 1076 1711 po-

184 1737 274 1798 tuisse
296 1737 386 1798 visum
407 1737 460 1807 sit,
489 1757 520 1796 se
543 1737 674 1796 admirari
696 1737 823 1809 simulat3
846 1735 1077 1814 quemadmodum

184 1839 214 1898 in
240 1839 429 1919 Lycophrona
455 1835 575 1898 Athen.
597 1837 640 1914 X,
664 1841 694 1920 5.Ι
715 1837 914 1899 cavillatricem
934 1835 1076 1898 narratio·

184 1961 247 2001 nem
269 1941 440 2002 allocutione
463 1941 587 1999 orditur:

335 2055 428 2121 Pueri,
446 2061 519 2126 patre
537 2071 552 2106 e
568 2053 650 2122 probo
667 2055 709 2106 vel
725 2050 921 2120 improbissimi!

59 2153 67 2166 “
182 2159 273 2218 Plane
295 2158 404 2232 sciens,
437 2158 472 2234 iis
501 2143 567 2239 iyuid
588 2158 709 2231 debeat,
731 2178 852 2230 carmen,
876 2156 1002 2236 quamvis
1024 2129 1073 2217 ne-

182 2261 257 2320 mine
279 2271 429 2342 poscente,
452 2261 606 2342 promittit3
627 2260 771 2340 nymphae
788 2268 894 2330 autem,
917 2259 991 2339 quod
1014 2280 1072 2318 mo·

181 2361 221 2423 ris
244 2383 306 2423 eum
328 2365 460 2436 tinxerit,
483 2365 559 2424 aliud
580 2363 685 2441 aliquid
707 2361 832 2443 praemii,
856 2361 930 2440 quod
953 2361 1002 2420 illa'
1022 2359 1073 2423 six

134 2485 136 2490 ·
181 2484 199 2523 a
226 2464 354 2524 debitore
383 2465 529 2544 exegerim
562 2461 598 2522 cf.
622 2484 648 2523 r.
678 2472 729 2526 47.
780 2463 892 2536 Voltis,
915 2463 1009 2542 prisce
1029 2462 1072 2520 di-

182 2569 271 2633 ctum,
304 2565 436 2623 Heinsius
462 2565 492 2622 in
519 2563 659 2642 aliquibus
685 2564 764 2624 lihris
785 2585 869 2625 manu
890 2564 1004 2644 scriptis
1026 2585 1072 2624 re·

182 2663 265 2743 perit.
322 2653 327 2664 ¹
1002 2670 1004 2680 ’

162 2804 166 2816 ·
267 2772 412 2827 27-30.
456 2763 637 2838 Numerus,
659 2767 803 2844 rhythmus
824 2766 854 2825 in
875 2773 961 2826 cantu
982 2766 1072 2826 iuclu-

181 2887 246 2940 sus,
268 2868 328 2929 sive
350 2868 386 2927 ad
407 2868 572 2927 concinnam
593 2867 732 2927 rationem
753 2868 943 2940 dinumerata,
968 2873 998 2927 et
1018 2889 1071 2947 pro
1181 2861 1182 2866 ἵ

182 2969 341 3049 argumenti
369 2970 508 3031 varietate
535 2969 649 3031 varians
671 2990 758 3050 saepe
780 2969 902 3052 agitatio
926 2976 956 3029 ct
977 2976 1071 3030 motus

181 3069 365 3129 membrorum
385 3093 524 3143 versuum,
548 3072 622 3150 quod
644 3071 787 3131 veteribus
809 3071 902 3150 politis
925 3069 1072 3131 efficacius

181 3190 245 3234 csse
267 3170 421 3244 videbatur,
443 3193 525 3252 quam
547 3193 635 3254 senor
655 3172 830 3234 adventicius
849 3171 905 3231 Lh.
926 3172 974 3244 lV,
999 3175 1071 3243 175,
1181 3217 1182 3226 a

181 3291 257 3331 nunc
284 3270 391 3344 effecit,
418 3280 451 3331 ut
470 3273 585 3334 Fauni
606 3283 636 3334 et
648 3277 754 3348 sem
775 3278 938 3335 silom
961 3273 1071 3334 ad‘au-

181 3372 310 3434 dicadum
338 3383 574 3454 approperantes,
600 3376 714 3454 paribus
734 3376 857 3438 molibus
878 3375 1068 3446 multarent,
