<?xml version="1.0" encoding="UTF-8"?>
<!DOCTYPE html PUBLIC "-//W3C//DTD XHTML 1.0 Transitional//EN"
    "http://www.w3.org/TR/xhtml1/DTD/xhtml1-transitional.dtd">
<html xmlns="http://www.w3.org/1999/xhtml" xml:lang="en" lang="en">
 <head>
  <title>
</title>
<meta http-equiv="Content-Type" content="text/html;charset=utf-8" />
  <meta name='ocr-system' content='tesseract 3.04.00' />
  <meta name='ocr-capabilities' content='ocr_page ocr_carea ocr_par ocr_line ocrx_word'/>
</head>
<body>
  <div class='ocr_page' id='page_1' title='image "./johannishenrici00reingoog/johannishenrici00reingoog_0038.png"; bbox 0 0 2424 3994; ppageno 0'>
   <div class='ocr_carea' id='block_1_1' title="bbox 207 182 828 300">
    <p class='ocr_par' dir='ltr' id='par_1_1' title="bbox 207 182 828 300">
     <span class='ocr_line' id='line_1_1' title="bbox 207 182 828 300; baseline 0.003 -30"><span class='ocrx_word' id='word_1_1' title='bbox 207 182 252 285; x_wconf 57' lang='lat'><strong>‘59</strong></span> <span class='ocrx_word' id='word_1_2' title='bbox 466 192 620 272; x_wconf 47' lang='lat' dir='ltr'><strong>corloon</strong></span> <span class='ocrx_word' id='word_1_3' title='bbox 644 212 664 269; x_wconf 92' lang='grc' dir='ltr'>ι.</span> <span class='ocrx_word' id='word_1_4' title='bbox 685 185 828 300; x_wconf 78' lang='lat' dir='ltr'><strong>oa—aa</strong></span> 
     </span>
    </p>
   </div>
   <div class='ocr_carea' id='block_1_2' title="bbox 207 339 1095 662">
    <p class='ocr_par' dir='ltr' id='par_1_2' title="bbox 207 339 1182 662">
     <span class='ocr_line' id='line_1_2' title="bbox 208 339 1095 459; baseline 0 -21"><span class='ocrx_word' id='word_1_5' title='bbox 208 379 344 443; x_wconf 78' lang='lat' dir='ltr'><strong>orientem</strong></span> <span class='ocrx_word' id='word_1_6' title='bbox 364 377 467 450; x_wconf 82' lang='lat' dir='ltr'><strong>solem,</strong></span> <span class='ocrx_word' id='word_1_7' title='bbox 490 381 566 459; x_wconf 88' lang='lat' dir='ltr'><strong>quod</strong></span> <span class='ocrx_word' id='word_1_8' title='bbox 586 399 643 444; x_wconf 87' lang='lat' dir='ltr'><strong>una</strong></span> <span class='ocrx_word' id='word_1_9' title='bbox 665 399 727 438; x_wconf 82' lang='lat' dir='ltr'><strong>urm</strong></span> <span class='ocrx_word' id='word_1_10' title='bbox 748 339 882 444; x_wconf 81' lang='lat' dir='ltr'><strong>extremis</strong></span> <span class='ocrx_word' id='word_1_11' title='bbox 904 378 980 440; x_wconf 90' lang='lat' dir='ltr'><strong>lndis</strong></span> <span class='ocrx_word' id='word_1_12' title='bbox 1002 379 1030 438; x_wconf 91' lang='lat' dir='ltr'><strong>in</strong></span> <span class='ocrx_word' id='word_1_13' title='bbox 1053 381 1095 438; x_wconf 89' lang='lat' dir='ltr'><strong>di·</strong></span> 
     </span>
     <span class='ocr_line' id='line_1_3' title="bbox 207 480 1092 564; baseline 0.001 -26"><span class='ocrx_word' id='word_1_14' title='bbox 207 481 284 539; x_wconf 90' lang='lat' dir='ltr'><strong>tioae</strong></span> <span class='ocrx_word' id='word_1_15' title='bbox 311 481 480 539; x_wconf 78' lang='lat' dir='ltr'>Parthorum</span> <span class='ocrx_word' id='word_1_16' title='bbox 506 501 570 540; x_wconf 88' lang='lat' dir='ltr'><strong>esse</strong></span> <span class='ocrx_word' id='word_1_17' title='bbox 591 481 801 564; x_wconf 76' lang='lat' dir='ltr'><strong>imprudenter</strong></span> <span class='ocrx_word' id='word_1_18' title='bbox 809 480 955 560; x_wconf 88' lang='lat' dir='ltr'><strong>putabant.</strong></span> <span class='ocrx_word' id='word_1_19' title='bbox 977 480 1031 540; x_wconf 89' lang='lat' dir='ltr'><strong>Lb.</strong></span> <span class='ocrx_word' id='word_1_20' title='bbox 1053 481 1092 550; x_wconf 91' lang='grc' dir='ltr'><strong>ΙΙ,</strong></span> 
     </span>
     <span class='ocr_line' id='line_1_4' title="bbox 209 577 1094 662; baseline -0.002 -22"><span class='ocrx_word' id='word_1_21' title='bbox 209 589 278 642; x_wconf 86' lang='grc'><strong>170.</strong></span> <span class='ocrx_word' id='word_1_22' title='bbox 288 581 344 652; x_wconf 87' lang='grc' dir='ltr'>ΙΙΙ,</span> <span class='ocrx_word' id='word_1_23' title='bbox 358 588 406 642; x_wconf 80' lang='lat'><strong>27</strong></span> <span class='ocrx_word' id='word_1_24' title='bbox 451 581 556 639; x_wconf 83' lang='lat' dir='ltr'><strong>Eodem</strong></span> <span class='ocrx_word' id='word_1_25' title='bbox 573 580 653 638; x_wconf 77' lang='lat' dir='ltr'><strong>(laxe</strong></span> <span class='ocrx_word' id='word_1_26' title='bbox 669 577 756 660; x_wconf 84' lang='lat' dir='ltr'><strong>(nam,</strong></span> <span class='ocrx_word' id='word_1_27' title='bbox 778 587 809 639; x_wconf 93' lang='lat' dir='ltr'><strong>ut</strong></span> <span class='ocrx_word' id='word_1_28' title='bbox 824 581 866 640; x_wconf 81' lang='lat' dir='ltr'><strong>uta</strong></span> <span class='ocrx_word' id='word_1_29' title='bbox 879 581 959 662; x_wconf 76' lang='lat' dir='ltr'><strong>lega</strong></span> <span class='ocrx_word' id='word_1_30' title='bbox 960 601 1002 652; x_wconf 93' lang='lat' dir='ltr'><strong>ur</strong></span> <span class='ocrx_word' id='word_1_31' title='bbox 1023 582 1094 638; x_wconf 89' lang='lat' dir='ltr'><strong>Bar-</strong></span> 
     </span>
    </p>
   </div>
   <div class='ocr_carea' id='block_1_3' title="bbox 95 663 1178 766">
    <p class='ocr_par' dir='ltr' id='par_1_3' title="bbox 95 663 1178 766">
     <span class='ocr_line' id='line_1_5' title="bbox 95 663 1178 766; baseline 0 -28"><span class='ocrx_word' id='word_1_32' title='bbox 95 741 98 748; x_wconf 60' lang='lat'><em>,</em></span> <span class='ocrx_word' id='word_1_33' title='bbox 207 681 281 740; x_wconf 87' lang='lat' dir='ltr'><strong>thius</strong></span> <span class='ocrx_word' id='word_1_34' title='bbox 313 677 434 760; x_wconf 81' lang='lat' dir='ltr'>evincit)</span> <span class='ocrx_word' id='word_1_35' title='bbox 464 681 635 740; x_wconf 74' lang='lat' dir='ltr'><strong>Claudianus</strong></span> <span class='ocrx_word' id='word_1_36' title='bbox 657 681 725 752; x_wconf 87' lang='lat' dir='ltr'><strong>XV,</strong></span> <span class='ocrx_word' id='word_1_37' title='bbox 749 691 786 742; x_wconf 84' lang='grc'><strong>31</strong></span> <span class='ocrx_word' id='word_1_38' title='bbox 819 689 943 741; x_wconf 86' lang='lat' dir='ltr'><strong>remotas</strong></span> <span class='ocrx_word' id='word_1_39' title='bbox 971 663 1094 740; x_wconf 76' lang='lat' dir='ltr'><strong>(hiantis</strong></span> <span class='ocrx_word' id='word_1_40' title='bbox 1175 757 1178 766; x_wconf 31' lang='grc' dir='ltr'>Ι</span> 
     </span>
    </p>
   </div>
   <div class='ocr_carea' id='block_1_4' title="bbox 206 779 1095 960">
    <p class='ocr_par' dir='ltr' id='par_1_4' title="bbox 206 779 1095 960">
     <span class='ocr_line' id='line_1_6' title="bbox 206 779 1095 864; baseline 0 -25"><span class='ocrx_word' id='word_1_41' title='bbox 206 790 313 841; x_wconf 85' lang='lat' dir='ltr'><strong>terras</strong></span> <span class='ocrx_word' id='word_1_42' title='bbox 320 779 477 862; x_wconf 82' lang='lat' dir='ltr'><strong>significat3</strong></span> <span class='ocrx_word' id='word_1_43' title='bbox 510 788 545 844; x_wconf 90' lang='lat' dir='ltr'><strong>ut</strong></span> <span class='ocrx_word' id='word_1_44' title='bbox 564 781 672 844; x_wconf 83' lang='lat' dir='ltr'><strong>Oxus</strong></span> <span class='ocrx_word' id='word_1_45' title='bbox 665 802 693 840; x_wconf 91' lang='lat' dir='ltr'><strong>m</strong></span> <span class='ocrx_word' id='word_1_46' title='bbox 716 781 839 852; x_wconf 78' lang='lat' dir='ltr'><strong>(laxem,</strong></span> <span class='ocrx_word' id='word_1_47' title='bbox 864 783 1095 864; x_wconf 80' lang='lat' dir='ltr'><strong>quemadmodum</strong></span> 
     </span>
     <span class='ocr_line' id='line_1_7' title="bbox 206 879 1094 960; baseline 0.003 -20"><span class='ocrx_word' id='word_1_48' title='bbox 206 883 293 940; x_wconf 85' lang='lat' dir='ltr'><strong>tlrion</strong></span> <span class='ocrx_word' id='word_1_49' title='bbox 316 882 343 942; x_wconf 90' lang='lat' dir='ltr'><strong>in</strong></span> <span class='ocrx_word' id='word_1_50' title='bbox 366 881 517 941; x_wconf 77' lang='lat' dir='ltr'><strong>(larionem</strong></span> <span class='ocrx_word' id='word_1_51' title='bbox 539 879 679 960; x_wconf 72' lang='lat' dir='ltr'><strong>(Camll-</strong></span> <span class='ocrx_word' id='word_1_52' title='bbox 702 901 730 940; x_wconf 79' lang='grc' dir='ltr'><strong>ο.</strong></span> <span class='ocrx_word' id='word_1_53' title='bbox 753 881 834 942; x_wconf 83' lang='lat' dir='ltr'><strong>Ber.</strong></span> <span class='ocrx_word' id='word_1_54' title='bbox 855 883 998 942; x_wconf 77' lang='lat' dir='ltr'><strong>Nicaad.</strong></span> <span class='ocrx_word' id='word_1_55' title='bbox 1019 882 1094 948; x_wconf 77' lang='lat' dir='ltr'><strong>Rar-</strong></span> 
     </span>
    </p>
   </div>
   <div class='ocr_carea' id='block_1_5' title="bbox 206 981 1182 1062">
    <p class='ocr_par' dir='ltr' id='par_1_5' title="bbox 206 981 1182 1062">
     <span class='ocr_line' id='line_1_8' title="bbox 206 981 1182 1062; baseline 0.001 -19"><span class='ocrx_word' id='word_1_56' title='bbox 206 987 259 1043; x_wconf 72' lang='lat' dir='ltr'><strong>tel.</strong></span> <span class='ocrx_word' id='word_1_57' title='bbox 283 984 309 1053; x_wconf 89' lang='grc' dir='ltr'>Ι,</span> <span class='ocrx_word' id='word_1_58' title='bbox 339 981 432 1062; x_wconf 82' lang='grc'>637),</span> <span class='ocrx_word' id='word_1_59' title='bbox 466 989 601 1042; x_wconf 86' lang='lat' dir='ltr'><strong>mutatura</strong></span> <span class='ocrx_word' id='word_1_60' title='bbox 628 983 674 1042; x_wconf 90' lang='lat' dir='ltr'><strong>sit.</strong></span> <span class='ocrx_word' id='word_1_61' title='bbox 723 983 848 1042; x_wconf 74' lang='lat' dir='ltr'><strong>Oamem</strong></span> <span class='ocrx_word' id='word_1_62' title='bbox 876 982 936 1043; x_wconf 83' lang='lat' dir='ltr'><strong>sire</strong></span> <span class='ocrx_word' id='word_1_63' title='bbox 972 981 1092 1054; x_wconf 71' lang='lat' dir='ltr'><strong>Oxum,</strong></span> <span class='ocrx_word' id='word_1_64' title='bbox 1181 1011 1182 1028; x_wconf 55' lang='grc' dir='ltr'>ι</span> 
     </span>
    </p>
   </div>
   <div class='ocr_carea' id='block_1_6' title="bbox 206 1083 1094 1164">
    <p class='ocr_par' dir='ltr' id='par_1_6' title="bbox 206 1083 1094 1164">
     <span class='ocr_line' id='line_1_9' title="bbox 206 1083 1094 1164; baseline 0 -22"><span class='ocrx_word' id='word_1_65' title='bbox 206 1083 310 1142; x_wconf 81' lang='lat' dir='ltr'><strong>Strabo</strong></span> <span class='ocrx_word' id='word_1_66' title='bbox 342 1089 523 1155; x_wconf 90' lang='lat' dir='ltr'><strong>auctorest,</strong></span> <span class='ocrx_word' id='word_1_67' title='bbox 556 1084 630 1142; x_wconf 90' lang='lat' dir='ltr'><strong>inter</strong></span> <span class='ocrx_word' id='word_1_68' title='bbox 650 1085 770 1142; x_wconf 86' lang='lat' dir='ltr'><strong>Bactros</strong></span> <span class='ocrx_word' id='word_1_69' title='bbox 797 1091 827 1142; x_wconf 92' lang='lat' dir='ltr'><strong>et</strong></span> <span class='ocrx_word' id='word_1_70' title='bbox 848 1083 1011 1164; x_wconf 78' lang='lat' dir='ltr'><strong>Sogdianos</strong></span> <span class='ocrx_word' id='word_1_71' title='bbox 1037 1103 1094 1160; x_wconf 80' lang='lat' dir='ltr'><strong>me·</strong></span> 
     </span>
    </p>
   </div>
   <div class='ocr_carea' id='block_1_7' title="bbox 135 1181 1182 1263">
    <p class='ocr_par' dir='ltr' id='par_1_7' title="bbox 135 1181 1182 1263">
     <span class='ocr_line' id='line_1_10' title="bbox 135 1181 1182 1263; baseline 0.004 -21"><span class='ocrx_word' id='word_1_72' title='bbox 135 1246 139 1258; x_wconf 34' lang='lat' dir='ltr'><em>f</em></span> <span class='ocrx_word' id='word_1_73' title='bbox 206 1185 279 1242; x_wconf 90' lang='lat' dir='ltr'><strong>dium</strong></span> <span class='ocrx_word' id='word_1_74' title='bbox 301 1181 462 1243; x_wconf 83' lang='lat' dir='ltr'><strong>interfluere</strong></span> <span class='ocrx_word' id='word_1_75' title='bbox 489 1185 663 1242; x_wconf 85' lang='lat' dir='ltr'><strong>adulterius</strong></span> <span class='ocrx_word' id='word_1_76' title='bbox 694 1185 772 1244; x_wconf 91' lang='lat' dir='ltr'><strong>littus</strong></span> <span class='ocrx_word' id='word_1_77' title='bbox 794 1183 879 1244; x_wconf 87' lang='lat' dir='ltr'><strong>maris</strong></span> <span class='ocrx_word' id='word_1_78' title='bbox 901 1184 1013 1263; x_wconf 84' lang='lat' dir='ltr'><strong>Caspii,</strong></span> <span class='ocrx_word' id='word_1_79' title='bbox 1045 1184 1094 1245; x_wconf 88' lang='lat' dir='ltr'><strong>ubi</strong></span> <span class='ocrx_word' id='word_1_80' title='bbox 1181 1239 1182 1258; x_wconf 32' lang='lat'>1</span> 
     </span>
    </p>
   </div>
   <div class='ocr_carea' id='block_1_8' title="bbox 136 1275 1178 3274">
    <p class='ocr_par' dir='ltr' id='par_1_8' title="bbox 136 1275 1178 3274">
     <span class='ocr_line' id='line_1_11' title="bbox 206 1275 1093 1363; baseline 0.001 -21"><span class='ocrx_word' id='word_1_81' title='bbox 206 1286 241 1344; x_wconf 88' lang='lat' dir='ltr'><strong>de</strong></span> <span class='ocrx_word' id='word_1_82' title='bbox 268 1291 348 1343; x_wconf 87' lang='lat' dir='ltr'><strong>tanta</strong></span> <span class='ocrx_word' id='word_1_83' title='bbox 372 1283 522 1342; x_wconf 70' lang='lat' dir='ltr'><strong>altitudine</strong></span> <span class='ocrx_word' id='word_1_84' title='bbox 543 1284 723 1363; x_wconf 86' lang='lat' dir='ltr'><strong>praecipitem</strong></span> <span class='ocrx_word' id='word_1_85' title='bbox 749 1305 811 1346; x_wconf 90' lang='lat' dir='ltr'><strong>eum</strong></span> <span class='ocrx_word' id='word_1_86' title='bbox 837 1283 906 1344; x_wconf 84' lang='lat' dir='ltr'><strong>ferri</strong></span> <span class='ocrx_word' id='word_1_87' title='bbox 927 1275 1016 1344; x_wconf 84' lang='lat' dir='ltr'><strong>refert</strong></span> <span class='ocrx_word' id='word_1_88' title='bbox 1036 1286 1093 1343; x_wconf 92' lang='lat' dir='ltr'><strong>Po·</strong></span> 
     </span>
     <span class='ocr_line' id='line_1_12' title="bbox 205 1380 1093 1465; baseline 0.002 -23"><span class='ocrx_word' id='word_1_89' title='bbox 205 1385 312 1462; x_wconf 53' lang='lat' dir='ltr'><strong>lybius2</strong></span> <span class='ocrx_word' id='word_1_90' title='bbox 347 1383 497 1450; x_wconf 76' lang='lat' dir='ltr'><strong>uastatio</strong></span> <span class='ocrx_word' id='word_1_91' title='bbox 527 1380 606 1464; x_wconf 78' lang='lat'><strong>(125</strong></span> <span class='ocrx_word' id='word_1_92' title='bbox 637 1383 786 1465; x_wconf 79' lang='lat' dir='ltr'><strong>passibus)</strong></span> <span class='ocrx_word' id='word_1_93' title='bbox 819 1385 936 1464; x_wconf 87' lang='lat' dir='ltr'><strong>amplius</strong></span> <span class='ocrx_word' id='word_1_94' title='bbox 967 1385 1093 1446; x_wconf 87' lang='lat' dir='ltr'><strong>cadendo</strong></span> 
     </span>
     <span class='ocr_line' id='line_1_13' title="bbox 206 1484 1093 1565; baseline 0 -21"><span class='ocrx_word' id='word_1_95' title='bbox 206 1485 342 1556; x_wconf 65' lang='lat' dir='ltr'><strong>exsultet·</strong></span> <span class='ocrx_word' id='word_1_96' title='bbox 363 1484 488 1550; x_wconf 79' lang='lat' dir='ltr'><strong>immines</strong></span> <span class='ocrx_word' id='word_1_97' title='bbox 510 1485 593 1544; x_wconf 88' lang='lat' dir='ltr'><strong>etiam</strong></span> <span class='ocrx_word' id='word_1_98' title='bbox 605 1485 679 1545; x_wconf 87' lang='lat' dir='ltr'><strong>infra</strong></span> <span class='ocrx_word' id='word_1_99' title='bbox 699 1485 800 1546; x_wconf 86' lang='lat' dir='ltr'><strong>flumen</strong></span> <span class='ocrx_word' id='word_1_100' title='bbox 812 1487 891 1565; x_wconf 87' lang='lat' dir='ltr'><strong>equis</strong></span> <span class='ocrx_word' id='word_1_101' title='bbox 902 1487 1093 1548; x_wconf 81' lang='lat' dir='ltr'><strong>transvehent.</strong></span> 
     </span>
     <span class='ocr_line' id='line_1_14' title="bbox 204 1586 1094 1667; baseline 0.001 -23"><span class='ocrx_word' id='word_1_102' title='bbox 204 1586 306 1645; x_wconf 90' lang='lat' dir='ltr'><strong>Plures</strong></span> <span class='ocrx_word' id='word_1_103' title='bbox 328 1606 440 1658; x_wconf 82' lang='lat' dir='ltr'><strong>aumas,</strong></span> <span class='ocrx_word' id='word_1_104' title='bbox 473 1587 553 1667; x_wconf 89' lang='lat' dir='ltr'><strong>cujus</strong></span> <span class='ocrx_word' id='word_1_105' title='bbox 574 1587 617 1646; x_wconf 88' lang='lat' dir='ltr'><strong>rei</strong></span> <span class='ocrx_word' id='word_1_106' title='bbox 642 1587 691 1664; x_wconf 79' lang='lat' dir='ltr'><strong>alii</strong></span> <span class='ocrx_word' id='word_1_107' title='bbox 711 1589 785 1666; x_wconf 91' lang='lat' dir='ltr'><strong>apud</strong></span> <span class='ocrx_word' id='word_1_108' title='bbox 807 1587 975 1646; x_wconf 78' lang='lat' dir='ltr'><strong>Strabonem</strong></span> <span class='ocrx_word' id='word_1_109' title='bbox 996 1594 1094 1646; x_wconf 90' lang='lat' dir='ltr'><strong>aucto-</strong></span> 
     </span>
     <span class='ocr_line' id='line_1_15' title="bbox 206 1687 1094 1766; baseline 0 -20"><span class='ocrx_word' id='word_1_110' title='bbox 206 1708 252 1747; x_wconf 87' lang='lat' dir='ltr'><strong>res</strong></span> <span class='ocrx_word' id='word_1_111' title='bbox 274 1693 349 1759; x_wconf 89' lang='lat' dir='ltr'><strong>sunt,</strong></span> <span class='ocrx_word' id='word_1_112' title='bbox 374 1687 535 1766; x_wconf 85' lang='lat' dir='ltr'><strong>depressum</strong></span> <span class='ocrx_word' id='word_1_113' title='bbox 556 1688 641 1747; x_wconf 87' lang='lat' dir='ltr'><strong>maris</strong></span> <span class='ocrx_word' id='word_1_114' title='bbox 662 1687 786 1765; x_wconf 80' lang='lat' dir='ltr'><strong>Hyrcani</strong></span> <span class='ocrx_word' id='word_1_115' title='bbox 807 1688 886 1747; x_wconf 86' lang='lat' dir='ltr'><strong>littus</strong></span> <span class='ocrx_word' id='word_1_116' title='bbox 896 1707 933 1747; x_wconf 88' lang='lat' dir='ltr'><strong>ex</strong></span> <span class='ocrx_word' id='word_1_117' title='bbox 954 1688 1032 1748; x_wconf 89' lang='lat' dir='ltr'><strong>cavis</strong></span> <span class='ocrx_word' id='word_1_118' title='bbox 1047 1708 1094 1746; x_wconf 87' lang='lat' dir='ltr'><strong>ru-</strong></span> 
     </span>
     <span class='ocr_line' id='line_1_16' title="bbox 205 1786 1094 1869; baseline 0 -21"><span class='ocrx_word' id='word_1_119' title='bbox 205 1790 286 1869; x_wconf 86' lang='lat' dir='ltr'><strong>pibus</strong></span> <span class='ocrx_word' id='word_1_120' title='bbox 306 1789 513 1850; x_wconf 87' lang='lat' dir='ltr'><strong>imminentibus</strong></span> <span class='ocrx_word' id='word_1_121' title='bbox 543 1789 672 1866; x_wconf 84' lang='lat' dir='ltr'><strong>tentavi</strong></span> <span class='ocrx_word' id='word_1_122' title='bbox 694 1788 871 1860; x_wconf 82' lang='lat' dir='ltr'><strong>transiliunt,</strong></span> <span class='ocrx_word' id='word_1_123' title='bbox 903 1794 936 1846; x_wconf 92' lang='lat' dir='ltr'><strong>ut</strong></span> <span class='ocrx_word' id='word_1_124' title='bbox 956 1786 1031 1846; x_wconf 84' lang='lat' dir='ltr'><strong>infra</strong></span> <span class='ocrx_word' id='word_1_125' title='bbox 1052 1787 1094 1848; x_wconf 81' lang='grc' dir='ltr'>Ιιι-</span> 
     </span>
     <span class='ocr_line' id='line_1_17' title="bbox 205 1887 1095 1968; baseline -0.004 -18"><span class='ocrx_word' id='word_1_126' title='bbox 205 1889 306 1950; x_wconf 86' lang='lat' dir='ltr'><strong>structi</strong></span> <span class='ocrx_word' id='word_1_127' title='bbox 329 1890 472 1949; x_wconf 82' lang='lat' dir='ltr'><strong>exercitus</strong></span> <span class='ocrx_word' id='word_1_128' title='bbox 493 1889 561 1946; x_wconf 85' lang='lat' dir='ltr'><strong>sicci</strong></span> <span class='ocrx_word' id='word_1_129' title='bbox 584 1895 746 1968; x_wconf 80' lang='lat' dir='ltr'><strong>transeant,</strong></span> <span class='ocrx_word' id='word_1_130' title='bbox 775 1889 884 1948; x_wconf 90' lang='lat' dir='ltr'><strong>incolae</strong></span> <span class='ocrx_word' id='word_1_131' title='bbox 905 1907 991 1967; x_wconf 85' lang='lat' dir='ltr'><strong>saepe</strong></span> <span class='ocrx_word' id='word_1_132' title='bbox 1011 1887 1095 1948; x_wconf 86' lang='lat' dir='ltr'><strong>festis</strong></span> 
     </span>
     <span class='ocr_line' id='line_1_18' title="bbox 205 1986 1095 2065; baseline 0 -15"><span class='ocrx_word' id='word_1_133' title='bbox 205 1992 302 2050; x_wconf 89' lang='lat' dir='ltr'><strong>diebus</strong></span> <span class='ocrx_word' id='word_1_134' title='bbox 324 1997 374 2048; x_wconf 88' lang='lat' dir='ltr'><strong>aut</strong></span> <span class='ocrx_word' id='word_1_135' title='bbox 395 1990 446 2047; x_wconf 91' lang='lat' dir='ltr'><strong>sub</strong></span> <span class='ocrx_word' id='word_1_136' title='bbox 477 1988 566 2046; x_wconf 86' lang='lat' dir='ltr'><strong>antris</strong></span> <span class='ocrx_word' id='word_1_137' title='bbox 587 1988 697 2065; x_wconf 90' lang='lat' dir='ltr'><strong>rupium</strong></span> <span class='ocrx_word' id='word_1_138' title='bbox 728 1994 777 2046; x_wconf 91' lang='lat' dir='ltr'><strong>aut</strong></span> <span class='ocrx_word' id='word_1_139' title='bbox 805 1989 857 2046; x_wconf 89' lang='lat' dir='ltr'><strong>suh</strong></span> <span class='ocrx_word' id='word_1_140' title='bbox 878 1986 992 2048; x_wconf 89' lang='lat' dir='ltr'><strong>flumine</strong></span> <span class='ocrx_word' id='word_1_141' title='bbox 1018 1989 1095 2050; x_wconf 88' lang='lat' dir='ltr'><strong>deci·</strong></span> 
     </span>
     <span class='ocr_line' id='line_1_19' title="bbox 136 2087 1095 2172; baseline -0.003 -21"><span class='ocrx_word' id='word_1_142' title='bbox 136 2163 142 2172; x_wconf 88' lang='lat'>.</span> <span class='ocrx_word' id='word_1_143' title='bbox 206 2094 290 2151; x_wconf 87' lang='lat' dir='ltr'><strong>deute</strong></span> <span class='ocrx_word' id='word_1_144' title='bbox 312 2089 460 2148; x_wconf 86' lang='lat' dir='ltr'><strong>considant</strong></span> <span class='ocrx_word' id='word_1_145' title='bbox 482 2087 541 2144; x_wconf 89' lang='lat' dir='ltr'><strong>sole</strong></span> <span class='ocrx_word' id='word_1_146' title='bbox 562 2087 702 2157; x_wconf 83' lang='lat' dir='ltr'><strong>illustres,</strong></span> <span class='ocrx_word' id='word_1_147' title='bbox 739 2087 803 2144; x_wconf 88' lang='lat' dir='ltr'><strong>dum</strong></span> <span class='ocrx_word' id='word_1_148' title='bbox 825 2087 927 2146; x_wconf 85' lang='lat' dir='ltr'><strong>dextra</strong></span> <span class='ocrx_word' id='word_1_149' title='bbox 956 2087 1095 2168; x_wconf 88' lang='lat' dir='ltr'><strong>laevaque</strong></span> 
     </span>
     <span class='ocr_line' id='line_1_20' title="bbox 204 2184 1095 2270; baseline 0.001 -20"><span class='ocrx_word' id='word_1_150' title='bbox 204 2193 234 2250; x_wconf 90' lang='lat' dir='ltr'><strong>in</strong></span> <span class='ocrx_word' id='word_1_151' title='bbox 255 2189 366 2270; x_wconf 79' lang='lat' dir='ltr'><strong>frigore</strong></span> <span class='ocrx_word' id='word_1_152' title='bbox 386 2187 505 2258; x_wconf 83' lang='lat' dir='ltr'><strong>littoris,</strong></span> <span class='ocrx_word' id='word_1_153' title='bbox 539 2187 633 2246; x_wconf 87' lang='lat' dir='ltr'><strong>herbis</strong></span> <span class='ocrx_word' id='word_1_154' title='bbox 660 2184 831 2265; x_wconf 82' lang='lat' dir='ltr'><strong>floribusque</strong></span> <span class='ocrx_word' id='word_1_155' title='bbox 862 2187 982 2266; x_wconf 88' lang='lat' dir='ltr'><strong>impleti,</strong></span> <span class='ocrx_word' id='word_1_156' title='bbox 1016 2209 1095 2250; x_wconf 87' lang='lat' dir='ltr'><strong>mare</strong></span> 
     </span>
     <span class='ocr_line' id='line_1_21' title="bbox 205 2288 1095 2370; baseline -0.002 -18"><span class='ocrx_word' id='word_1_157' title='bbox 205 2291 390 2370; x_wconf 85' lang='lat' dir='ltr'><strong>conspiciunt.</strong></span> <span class='ocrx_word' id='word_1_158' title='bbox 432 2289 523 2350; x_wconf 75' lang='lat' dir='ltr'><strong>Docto</strong></span> <span class='ocrx_word' id='word_1_159' title='bbox 554 2309 663 2368; x_wconf 83' lang='lat' dir='ltr'><strong>semper</strong></span> <span class='ocrx_word' id='word_1_160' title='bbox 685 2288 798 2348; x_wconf 82' lang='lat' dir='ltr'><strong>Curtius</strong></span> <span class='ocrx_word' id='word_1_161' title='bbox 829 2288 897 2348; x_wconf 90' lang='lat' dir='ltr'><strong>dicit</strong></span> <span class='ocrx_word' id='word_1_162' title='bbox 919 2290 1011 2347; x_wconf 84' lang='lat' dir='ltr'><strong>(lxum</strong></span> <span class='ocrx_word' id='word_1_163' title='bbox 1032 2311 1095 2350; x_wconf 88' lang='lat' dir='ltr'><strong>sca-</strong></span> 
     </span>
     <span class='ocr_line' id='line_1_22' title="bbox 204 2389 1095 2468; baseline 0.002 -18"><span class='ocrx_word' id='word_1_164' title='bbox 204 2401 275 2452; x_wconf 87' lang='lat' dir='ltr'><strong>tere.</strong></span> <span class='ocrx_word' id='word_1_165' title='bbox 320 2393 451 2450; x_wconf 80' lang='lat' dir='ltr'><strong>Cretam</strong></span> <span class='ocrx_word' id='word_1_166' title='bbox 471 2391 525 2450; x_wconf 94' lang='lat' dir='ltr'><strong>hoc</strong></span> <span class='ocrx_word' id='word_1_167' title='bbox 551 2390 639 2449; x_wconf 90' lang='lat' dir='ltr'><strong>lutum</strong></span> <span class='ocrx_word' id='word_1_168' title='bbox 661 2391 781 2468; x_wconf 83' lang='lat' dir='ltr'><strong>Tityrus</strong></span> <span class='ocrx_word' id='word_1_169' title='bbox 808 2389 876 2448; x_wconf 91' lang='lat' dir='ltr'><strong>dicit</strong></span> <span class='ocrx_word' id='word_1_170' title='bbox 897 2389 916 2448; x_wconf 88' lang='grc' dir='ltr'><strong>Ι.</strong></span> <span class='ocrx_word' id='word_1_171' title='bbox 939 2409 963 2448; x_wconf 91' lang='lat' dir='ltr'><strong>e.</strong></span> <span class='ocrx_word' id='word_1_172' title='bbox 995 2410 1095 2452; x_wconf 85' lang='lat' dir='ltr'><strong>cauam</strong></span> 
     </span>
     <span class='ocr_line' id='line_1_23' title="bbox 204 2488 1095 2572; baseline -0.002 -20"><span class='ocrx_word' id='word_1_173' title='bbox 204 2492 333 2572; x_wconf 82' lang='lat' dir='ltr'><strong>argillam</strong></span> <span class='ocrx_word' id='word_1_174' title='bbox 353 2488 479 2568; x_wconf 78' lang='lat' dir='ltr'><strong>figlinam</strong></span> <span class='ocrx_word' id='word_1_175' title='bbox 500 2489 554 2546; x_wconf 90' lang='lat' dir='ltr'><strong>Lb.</strong></span> <span class='ocrx_word' id='word_1_176' title='bbox 576 2490 612 2558; x_wconf 94' lang='grc' dir='ltr'><strong>ΙΙ,</strong></span> <span class='ocrx_word' id='word_1_177' title='bbox 636 2495 712 2562; x_wconf 81' lang='lat'><strong>2153</strong></span> <span class='ocrx_word' id='word_1_178' title='bbox 745 2493 885 2563; x_wconf 74' lang='lat' dir='ltr'><strong>rapidae</strong></span> <span class='ocrx_word' id='word_1_179' title='bbox 907 2502 1034 2564; x_wconf 75' lang='lat' dir='ltr'><strong>cretae,</strong></span> <span class='ocrx_word' id='word_1_180' title='bbox 1063 2499 1095 2550; x_wconf 90' lang='lat' dir='ltr'><strong>ut</strong></span> 
     </span>
     <span class='ocr_line' id='line_1_24' title="bbox 204 2589 1093 2671; baseline 0.003 -22"><span class='ocrx_word' id='word_1_181' title='bbox 204 2590 330 2671; x_wconf 77' lang='lat' dir='ltr'><strong>vulgaris</strong></span> <span class='ocrx_word' id='word_1_182' title='bbox 351 2589 488 2652; x_wconf 82' lang='lat' dir='ltr'><strong>sermonis</strong></span> <span class='ocrx_word' id='word_1_183' title='bbox 509 2606 633 2662; x_wconf 73' lang='lat' dir='ltr'><strong>rapam.</strong></span> <span class='ocrx_word' id='word_1_184' title='bbox 676 2589 804 2668; x_wconf 87' lang='lat' dir='ltr'><strong>Pompeji</strong></span> <span class='ocrx_word' id='word_1_185' title='bbox 825 2591 1005 2669; x_wconf 84' lang='lat' dir='ltr'><strong>expeditione</strong></span> <span class='ocrx_word' id='word_1_186' title='bbox 1027 2613 1093 2652; x_wconf 88' lang='lat' dir='ltr'><strong>con-</strong></span> 
     </span>
     <span class='ocr_line' id='line_1_25' title="bbox 205 2688 1178 2769; baseline -0.001 -18"><span class='ocrx_word' id='word_1_187' title='bbox 205 2700 250 2751; x_wconf 90' lang='lat' dir='ltr'><strong>tra</strong></span> <span class='ocrx_word' id='word_1_188' title='bbox 269 2689 458 2748; x_wconf 85' lang='lat' dir='ltr'><strong>Mithridatem</strong></span> <span class='ocrx_word' id='word_1_189' title='bbox 478 2689 614 2769; x_wconf 82' lang='lat' dir='ltr'><strong>Magnum</strong></span> <span class='ocrx_word' id='word_1_190' title='bbox 635 2688 669 2748; x_wconf 83' lang='lat' dir='ltr'><strong>d.</strong></span> <span class='ocrx_word' id='word_1_191' title='bbox 691 2691 726 2752; x_wconf 89' lang='lat' dir='ltr'><strong>U.</strong></span> <span class='ocrx_word' id='word_1_192' title='bbox 747 2691 779 2747; x_wconf 87' lang='lat' dir='ltr'><strong>C.</strong></span> <span class='ocrx_word' id='word_1_193' title='bbox 803 2698 980 2752; x_wconf 80' lang='lat'>687—690</span> <span class='ocrx_word' id='word_1_194' title='bbox 1001 2693 1093 2752; x_wconf 88' lang='lat' dir='ltr'><strong>Varro</strong></span> <span class='ocrx_word' id='word_1_195' title='bbox 1177 2701 1178 2704; x_wconf 76' lang='grc'>’</span> 
     </span>
     <span class='ocr_line' id='line_1_26' title="bbox 204 2785 1093 2874; baseline -0.002 -22"><span class='ocrx_word' id='word_1_196' title='bbox 204 2793 278 2872; x_wconf 84' lang='lat' dir='ltr'><strong>apud</strong></span> <span class='ocrx_word' id='word_1_197' title='bbox 298 2789 420 2848; x_wconf 89' lang='lat' dir='ltr'><strong>Plinium</strong></span> <span class='ocrx_word' id='word_1_198' title='bbox 435 2785 464 2870; x_wconf 70' lang='lat' dir='ltr'><strong>*l</strong></span> <span class='ocrx_word' id='word_1_199' title='bbox 493 2791 669 2869; x_wconf 83' lang='lat' dir='ltr'><strong>exploratum</strong></span> <span class='ocrx_word' id='word_1_200' title='bbox 690 2809 754 2874; x_wconf 83' lang='lat' dir='ltr'><strong>esse</strong></span> <span class='ocrx_word' id='word_1_201' title='bbox 785 2790 881 2863; x_wconf 81' lang='lat' dir='ltr'><strong>docet,</strong></span> <span class='ocrx_word' id='word_1_202' title='bbox 916 2811 1023 2850; x_wconf 88' lang='lat' dir='ltr'><strong>merces</strong></span> <span class='ocrx_word' id='word_1_203' title='bbox 1047 2793 1093 2850; x_wconf 88' lang='lat' dir='ltr'><strong>ln·</strong></span> 
     </span>
     <span class='ocr_line' id='line_1_27' title="bbox 193 2888 1092 2969; baseline -0.002 -17"><span class='ocrx_word' id='word_1_204' title='bbox 193 2894 282 2954; x_wconf 89' lang='lat' dir='ltr'><strong>&#39;dicas</strong></span> <span class='ocrx_word' id='word_1_205' title='bbox 303 2892 338 2952; x_wconf 92' lang='lat' dir='ltr'><strong>ad</strong></span> <span class='ocrx_word' id='word_1_206' title='bbox 356 2892 492 2961; x_wconf 82' lang='lat' dir='ltr'><strong>Bactros,</strong></span> <span class='ocrx_word' id='word_1_207' title='bbox 532 2891 652 2969; x_wconf 89' lang='lat' dir='ltr'><strong>indeque</strong></span> <span class='ocrx_word' id='word_1_208' title='bbox 681 2891 744 2950; x_wconf 84' lang='lat' dir='ltr'><strong>Oxo</strong></span> <span class='ocrx_word' id='word_1_209' title='bbox 767 2888 852 2952; x_wconf 87' lang='lat' dir='ltr'><strong>fluvio</strong></span> <span class='ocrx_word' id='word_1_210' title='bbox 878 2892 915 2950; x_wconf 88' lang='lat' dir='ltr'><strong>ad</strong></span> <span class='ocrx_word' id='word_1_211' title='bbox 938 2912 1015 2951; x_wconf 90' lang='lat' dir='ltr'><strong>mare</strong></span> <span class='ocrx_word' id='word_1_212' title='bbox 1038 2894 1092 2950; x_wconf 82' lang='lat' dir='ltr'><strong>Ca-</strong></span> 
     </span>
     <span class='ocr_line' id='line_1_28' title="bbox 204 2987 1092 3075; baseline -0.009 -19"><span class='ocrx_word' id='word_1_213' title='bbox 204 2995 292 3075; x_wconf 83' lang='lat' dir='ltr'><strong>spium</strong></span> <span class='ocrx_word' id='word_1_214' title='bbox 311 2987 481 3072; x_wconf 48' lang='lat' dir='ltr'><strong>¹pervenire,</strong></span> <span class='ocrx_word' id='word_1_215' title='bbox 516 2991 591 3049; x_wconf 88' lang='lat' dir='ltr'><strong>unde</strong></span> <span class='ocrx_word' id='word_1_216' title='bbox 612 2991 642 3050; x_wconf 89' lang='lat' dir='ltr'><strong>iu</strong></span> <span class='ocrx_word' id='word_1_217' title='bbox 660 2993 764 3068; x_wconf 78' lang='lat' dir='ltr'><strong>Cyrum</strong></span> <span class='ocrx_word' id='word_1_218' title='bbox 789 2991 937 3052; x_wconf 87' lang='lat' dir='ltr'><strong>subvectas</strong></span> <span class='ocrx_word' id='word_1_219' title='bbox 963 2991 1092 3051; x_wconf 89' lang='lat' dir='ltr'><strong>terrestri</strong></span> 
     </span>
     <span class='ocr_line' id='line_1_29' title="bbox 204 3091 1091 3172; baseline -0.014 -10"><span class='ocrx_word' id='word_1_220' title='bbox 204 3097 305 3162; x_wconf 88' lang='lat' dir='ltr'><strong>itinere</strong></span> <span class='ocrx_word' id='word_1_221' title='bbox 328 3094 449 3172; x_wconf 82' lang='lat' dir='ltr'><strong>quicque</strong></span> <span class='ocrx_word' id='word_1_222' title='bbox 469 3112 525 3150; x_wconf 87' lang='lat' dir='ltr'><strong>non</strong></span> <span class='ocrx_word' id='word_1_223' title='bbox 547 3091 664 3170; x_wconf 87' lang='lat' dir='ltr'><strong>amplius</strong></span> <span class='ocrx_word' id='word_1_224' title='bbox 677 3093 785 3151; x_wconf 90' lang='lat' dir='ltr'><strong>dierum</strong></span> <span class='ocrx_word' id='word_1_225' title='bbox 799 3092 835 3151; x_wconf 91' lang='lat' dir='ltr'><strong>ad</strong></span> <span class='ocrx_word' id='word_1_226' title='bbox 850 3091 956 3150; x_wconf 82' lang='lat' dir='ltr'><strong>Phasin</strong></span> <span class='ocrx_word' id='word_1_227' title='bbox 972 3092 1001 3150; x_wconf 89' lang='lat' dir='ltr'><strong>in</strong></span> <span class='ocrx_word' id='word_1_228' title='bbox 1015 3093 1091 3150; x_wconf 89' lang='lat' dir='ltr'><strong>Pon-</strong></span> 
     </span>
     <span class='ocr_line' id='line_1_30' title="bbox 205 3189 1089 3274; baseline -0.011 -15"><span class='ocrx_word' id='word_1_229' title='bbox 205 3206 262 3259; x_wconf 85' lang='lat' dir='ltr'><strong>tum</strong></span> <span class='ocrx_word' id='word_1_230' title='bbox 280 3193 387 3257; x_wconf 79' lang='lat' dir='ltr'><strong>devehi.</strong></span> <span class='ocrx_word' id='word_1_231' title='bbox 431 3193 488 3258; x_wconf 76' lang='lat' dir='ltr'><strong>Sed</strong></span> <span class='ocrx_word' id='word_1_232' title='bbox 504 3193 653 3256; x_wconf 86' lang='lat' dir='ltr'><strong>redeuntes</strong></span> <span class='ocrx_word' id='word_1_233' title='bbox 674 3193 819 3274; x_wconf 71' lang='lat' dir='ltr'><strong>legioneS,</strong></span> <span class='ocrx_word' id='word_1_234' title='bbox 843 3189 1019 3253; x_wconf 87' lang='lat' dir='ltr'><strong>verisimilius</strong></span> <span class='ocrx_word' id='word_1_235' title='bbox 1035 3197 1089 3262; x_wconf 79' lang='lat' dir='ltr'><strong>est,</strong></span> 
     </span>
    </p>
   </div>
   <div class='ocr_carea' id='block_1_9' title="bbox 204 3331 407 3350">
    <p class='ocr_par' dir='ltr' id='par_1_9' title="bbox 204 3331 407 3350">
     <span class='ocr_line' id='line_1_31' title="bbox 204 3331 407 3350; baseline -0.01 -4"><span class='ocrx_word' id='word_1_236' title='bbox 204 3331 407 3350; x_wconf 49' lang='grc' dir='ltr'><strong>ηι-ι--ι-φ*</strong></span> 
     </span>
    </p>
   </div>
   <div class='ocr_carea' id='block_1_10' title="bbox 273 3405 879 3484">
    <p class='ocr_par' dir='ltr' id='par_1_10' title="bbox 273 3405 879 3484">
     <span class='ocr_line' id='line_1_32' title="bbox 273 3405 879 3484; baseline -0.02 -16"><span class='ocrx_word' id='word_1_237' title='bbox 273 3416 301 3484; x_wconf 71' lang='lat'><strong>⁹)</strong></span> <span class='ocrx_word' id='word_1_238' title='bbox 335 3413 402 3466; x_wconf 85' lang='grc' dir='ltr'>ΡΙΙιι.</span> <span class='ocrx_word' id='word_1_239' title='bbox 422 3412 467 3476; x_wconf 82' lang='lat' dir='ltr'><strong>Vl,</strong></span> <span class='ocrx_word' id='word_1_240' title='bbox 486 3409 527 3462; x_wconf 77' lang='lat'><strong>19.</strong></span> <span class='ocrx_word' id='word_1_241' title='bbox 564 3410 647 3462; x_wconf 88' lang='lat' dir='ltr'><strong>Varro</strong></span> <span class='ocrx_word' id='word_1_242' title='bbox 666 3407 757 3474; x_wconf 77' lang='lat' dir='ltr'><strong>fragm.</strong></span> <span class='ocrx_word' id='word_1_243' title='bbox 777 3425 802 3475; x_wconf 88' lang='lat' dir='ltr'><strong>p.</strong></span> <span class='ocrx_word' id='word_1_244' title='bbox 821 3405 879 3460; x_wconf 79' lang='lat'><strong>365.</strong></span> 
     </span>
    </p>
   </div>
   <div class='ocr_carea' id='block_1_11' title="bbox 0 0 1216 3994">
    <p class='ocr_par' dir='ltr' id='par_1_11' title="bbox 0 0 1216 3994">
     <span class='ocr_line' id='line_1_33' title="bbox 0 0 1216 3994; baseline 0 0"><span class='ocrx_word' id='word_1_245' title='bbox 0 0 1216 3994; x_wconf 95' lang='lat' dir='ltr'><strong> </strong></span> 
     </span>
    </p>
   </div>
  </div>
 </body>
</html>
