2392 3986
163 233 232 296 m
259 224 414 288 dccccl
435 222 482 285 lV.
504 222 737 284 susurrum
757 220 968 284 NAllliATlli.

162 391 201 452 lio
219 399 386 472 'quoquest
406 391 454 472 qul
482 390 589 455 meteri
610 391 697 452 duces
718 391 758 452 Μ.
778 389 896 452 Antonii
918 387 1057 452 triumuiri

163 493 191 554 in
216 495 310 554 Gellio
330 493 463 556 citeriore
484 501 582 568 mont,
604 493 690 554 crmis
711 492 929 572 impediverunt3
959 510 1056 570 quom-

136 645 148 654 .,
163 613 245 672 quom
266 595 356 654 hieme
376 595 444 654 unni
459 593 605 654 Dccxlrr
628 601 659 653 et
678 593 822 654 DCCXlV
843 593 879 653 1..
891 593 1055 666 Antonium,

162 693 211 773 qui
232 713 310 754 suom
337 701 439 754 contro
468 695 671 756 triumuiratum
692 696 784 773 polum
810 714 924 774 operum
946 693 1057 774 profes-

156 815 212 863 sus
234 802 313 866 eret,
335 814 392 854 nun
414 794 485 854 retis
504 788 660 876 diligenter
681 795 764 854 iidem
785 795 968 875 adjuverunt,
991 794 1058 874 qnid

163 895 274 960 consilii
297 901 373 954 esset
394 895 554 956 nescientes
576 888 754 976 imperaturis
775 895 820 958 sui
842 897 917 976 opud
935 897 1058 978 Cleops-

164 1007 235 1056 trnnr
258 996 378 1056 molliter
399 996 519 1058 viventis
532 995 572 1078 ⁴⁹).
919 1055 920 1058 ,

248 1097 352 1157 Verum
373 1097 554 1180 constare)
576 1105 739 1178 postquem,
766 1105 918 1160 cunctents
938 1099 1056 1171 auxilio,

42 1181 43 1186 ἵ
164 1199 268 1260 umbos
289 1206 368 1270 erut,
396 1206 455 1258 tum
476 1199 574 1259 ultimo
594 1200 710 1260 Asinius
731 1201 839 1272 Pollio,
870 1207 903 1260 ut
924 1200 1058 1262 &esuris

161 1300 313 1361 ,Octaviani
334 1298 588 1378 vimreprimeret,
621 1319 709 1360 susus
729 1309 783 1361 est.
827 1302 938 1382 injussu
960 1301 1058 1362 hiun-

163 1401 218 1462 uiri
239 1400 355 1458 Antonii
386 1420 448 1460 cum
476 1398 600 1458 Domitio
621 1401 810 1462 Ahenobarbo
842 1423 874 1464 sc
900 1403 1058 1484 conjunxit,

163 1500 227 1578 qni,
260 1519 343 1577 quum
366 1500 540 1580 proscriptus
567 1508 659 1573 esset,
693 1503 795 1584 quippo
816 1505 864 1583 qui
885 1512 986 1565 contro
1006 1504 1059 1564 Ju-

163 1601 231 1660 lium
253 1600 405 1659 Coesnrem
432 1603 625 1681 conjurasset,
660 1624 738 1664 more
759 1605 867 1664 lonium
894 1611 960 1684 post
985 1625 1059 1686 pug-

164 1721 228 1760 nom
240 1701 449 1780 Philippensem
470 1723 575 1784 mogun
589 1705 681 1764 closse
703 1707 803 1779 tenuit,
826 1705 977 1766 triumviris
991 1725 1059 1766 oros

165 1801 314 1880 populatus
336 1808 396 1874 est,
429 1805 530 1864 multos
551 1826 645 1890 ¹noves
673 1807 749 1886 cepit
769 1815 799 1867 et
829 1807 995 1878 combussit,
1029 1813 1059 1866 ct

165 1902 281 1975 ltoliee,
312 1904 488 1978 uastantibus
510 1905 670 1986 legionibus
685 1905 830 1977 refertae,
861 1908 889 1967 in
912 1906 982 1968 meri
1003 1909 1059 1966 Su·

164 2023 249 2082 pero,
284 2007 514 2083 quemadmodum
536 2009 618 2066 Sext.
661 2008 813 2084 Pompejus
841 2006 870 2066 in
891 2008 961 2066 mori
985 2005 1059 2067 infc-

164 2100 292 2186 ΝΜ),
326 2113 497 2166 commentus
527 2105 694 2165 interclusit.
738 2105 889 2184 conjuncti
910 2106 946 2166 od
968 2108 1059 2171 Anto-

164 2204 241 2264 nium
261 2203 290 2262 in
314 2207 463 2268 Grnecinm
484 2205 636 2278 miserunt,
667 2212 820 2286 rogantes,
853 2213 886 2266 ut
907 2226 991 2286 quom
1013 2230 1060 2270 ce·

164 2305 276 2366 lerrlrno
297 2306 326 2366 in
349 2309 431 2368 ltnlio
452 2305 580 2380 adesset,
611 2313 642 2367 et
662 2311 825 2369 necessario
845 2308 998 2387 parebunt,
1027 2316 1060 2372 ut

165 2426 227 2465 eum
249 2407 424 2485 reciperent3
456 2408 572 2488 ipseque
593 2409 678 2468 timor
699 2410 735 2468 dc
757 2408 896 2469 societnte
917 2417 1059 2472 tentorum

164 2506 279 2575 virium,
313 2513 343 2564 et
363 2506 439 2566 forno
460 2507 495 2566 de
517 2509 616 2578 robus,
652 2529 807 2586 quoscum
829 2513 966 2593 Pompeio
988 2531 1059 2595 oge-

165 2611 278 2673 rentur,
312 2604 419 2673 effecit,
451 2613 483 2664 ut
505 2607 612 2664 Cocsnr
637 2607 743 2668 invitus
770 2613 975 2674 matrimonium
996 2634 1059 2674 cum

164 2702 331 2772 Scribonio,
353 2703 480 2782 Pompeji
503 2703 597 2777 elfini,
620 2708 730 2770 duobus
751 2719 818 2772 onte
840 2714 949 2774 moritis
970 2722 1059 2794 nupto

166 2809 196 2864 et
217 2809 305 2862 matre
326 2804 361 2862 de
383 2805 474 2864 altero
505 2805 582 2866 fecto
602 2811 784 2872 occelcrorct.
828 2815 942 2876 Foedus
964 2823 1058 2876 nutem

164 2903 233 2962 illud
254 2902 294 2964 itu
315 2905 398 2984 plone
419 2907 558 2968 Pollionis
579 2930 666 2990 opero
687 2912 786 2973 initum
808 2921 884 2986 eret,
912 2923 945 2974 ut
965 2917 1056 2976 Anto·

164 3004 228 3064 nius
250 3004 334 3066 classi
353 3006 470 3069 Domitii
491 3010 685 3084 Ahenobarbi,
714 3016 837 3093 quaein
859 3016 962 3078 itinere
984 3019 1055 3077 Gor-

165 3134 368 3150 ——-

172 3239 176 3246 ·
233 3217 259 3282 ⁶)
295 3219 406 3288 Appiani
424 3222 457 3286 V,
475 3222 517 3274 32.
565 3223 569 3234 ¹

233 3319 274 3384 ⁰⁶)
307 3319 421 3386 Appiani
440 3321 471 3384 V,
489 3320 532 3374 bd.

233 3417 292 3482 m)
325 3412 418 3472 Dionis
435 3420 553 3488 XLVlll,
571 3423 596 3476 7.
