<?xml version="1.0" encoding="UTF-8"?>
<!DOCTYPE html PUBLIC "-//W3C//DTD XHTML 1.0 Transitional//EN"
    "http://www.w3.org/TR/xhtml1/DTD/xhtml1-transitional.dtd">
<html xmlns="http://www.w3.org/1999/xhtml" xml:lang="en" lang="en">
 <head>
  <title>
</title>
<meta http-equiv="Content-Type" content="text/html;charset=utf-8" />
  <meta name='ocr-system' content='tesseract 3.04.00' />
  <meta name='ocr-capabilities' content='ocr_page ocr_carea ocr_par ocr_line ocrx_word'/>
</head>
<body>
  <div class='ocr_page' id='page_1' title='image "./johannishenrici00reingoog/johannishenrici00reingoog_0099.png"; bbox 0 0 2424 3994; ppageno 0'>
   <div class='ocr_carea' id='block_1_1' title="bbox 377 234 1126 350">
    <p class='ocr_par' dir='ltr' id='par_1_1' title="bbox 377 234 1126 350">
     <span class='ocr_line' id='line_1_1' title="bbox 377 234 1126 350; baseline 0.023 -14"><span class='ocrx_word' id='word_1_1' title='bbox 377 277 532 339; x_wconf 74' lang='lat' dir='ltr'><strong>nondun</strong></span> <span class='ocrx_word' id='word_1_2' title='bbox 554 276 603 337; x_wconf 91' lang='grc' dir='ltr'>ΙΙΙ.</span> <span class='ocrx_word' id='word_1_3' title='bbox 627 285 772 342; x_wconf 69' lang='lat' dir='ltr'><strong>ea-ar.</strong></span> <span class='ocrx_word' id='word_1_4' title='bbox 920 234 925 240; x_wconf 17' lang='grc' dir='ltr'><strong><em>ο</em></strong></span> <span class='ocrx_word' id='word_1_5' title='bbox 975 285 1024 350; x_wconf 70' lang='grc'><strong>95</strong></span> <span class='ocrx_word' id='word_1_6' title='bbox 1123 239 1126 246; x_wconf 26' lang='grc'><strong><em>’</em></strong></span> 
     </span>
    </p>
   </div>
   <div class='ocr_carea' id='block_1_2' title="bbox 128 435 1101 2139">
    <p class='ocr_par' dir='ltr' id='par_1_2' title="bbox 128 435 1101 1538">
     <span class='ocr_line' id='line_1_2' title="bbox 128 435 1094 506; baseline 0.002 -2"><span class='ocrx_word' id='word_1_7' title='bbox 128 435 204 504; x_wconf 80' lang='lat' dir='ltr'><strong>nune</strong></span> <span class='ocrx_word' id='word_1_8' title='bbox 230 443 323 502; x_wconf 87' lang='lat' dir='ltr'><strong>nostri</strong></span> <span class='ocrx_word' id='word_1_9' title='bbox 345 443 426 506; x_wconf 90' lang='lat' dir='ltr'><strong>liberi</strong></span> <span class='ocrx_word' id='word_1_10' title='bbox 450 465 550 505; x_wconf 83' lang='lat' dir='ltr'><strong>senum</strong></span> <span class='ocrx_word' id='word_1_11' title='bbox 574 445 710 504; x_wconf 78' lang='lat' dir='ltr'><strong>incinunt.</strong></span> <span class='ocrx_word' id='word_1_12' title='bbox 760 445 913 506; x_wconf 65' lang='lat' dir='ltr'><strong>stridentis</strong></span> <span class='ocrx_word' id='word_1_13' title='bbox 939 446 1023 506; x_wconf 83' lang='lat' dir='ltr'><strong>culmi</strong></span> <span class='ocrx_word' id='word_1_14' title='bbox 1091 455 1094 462; x_wconf 91' lang='lat'>&#39;</span> 
     </span>
     <span class='ocr_line' id='line_1_3' title="bbox 129 545 1022 626; baseline 0.002 -20"><span class='ocrx_word' id='word_1_15' title='bbox 129 553 238 608; x_wconf 83' lang='lat' dir='ltr'><strong>tanturn</strong></span> <span class='ocrx_word' id='word_1_16' title='bbox 272 545 428 606; x_wconf 74' lang='lat' dir='ltr'>Damoetae</span> <span class='ocrx_word' id='word_1_17' title='bbox 452 547 523 606; x_wconf 87' lang='lat' dir='ltr'><strong>tibia</strong></span> <span class='ocrx_word' id='word_1_18' title='bbox 555 547 736 626; x_wconf 76' lang='lat' dir='ltr'><strong>relinquitur,</strong></span> <span class='ocrx_word' id='word_1_19' title='bbox 772 565 845 626; x_wconf 88' lang='lat' dir='ltr'><strong>quae</strong></span> <span class='ocrx_word' id='word_1_20' title='bbox 871 567 887 607; x_wconf 90' lang='lat' dir='ltr'><strong>e</strong></span> <span class='ocrx_word' id='word_1_21' title='bbox 911 562 1022 620; x_wconf 82' lang='lat' dir='ltr'><strong>crassa,</strong></span> 
     </span>
     <span class='ocr_line' id='line_1_4' title="bbox 130 645 1027 730; baseline 0.001 -23"><span class='ocrx_word' id='word_1_22' title='bbox 130 646 240 707; x_wconf 83' lang='lat' dir='ltr'><strong>diffissa</strong></span> <span class='ocrx_word' id='word_1_23' title='bbox 261 645 387 707; x_wconf 73' lang='lat' dir='ltr'><strong>fortasse</strong></span> <span class='ocrx_word' id='word_1_24' title='bbox 409 647 526 727; x_wconf 88' lang='lat' dir='ltr'><strong>stipula,</strong></span> <span class='ocrx_word' id='word_1_25' title='bbox 555 648 646 727; x_wconf 85' lang='lat' dir='ltr'><strong>qualis</strong></span> <span class='ocrx_word' id='word_1_26' title='bbox 669 655 736 727; x_wconf 83' lang='lat' dir='ltr'><strong>pust</strong></span> <span class='ocrx_word' id='word_1_27' title='bbox 755 648 920 708; x_wconf 80' lang='lat' dir='ltr'><strong>messenia</strong></span> <span class='ocrx_word' id='word_1_28' title='bbox 944 649 1027 730; x_wconf 78' lang='lat' dir='ltr'><strong>agris-</strong></span> 
     </span>
     <span class='ocr_line' id='line_1_5' title="bbox 130 748 1026 830; baseline 0.001 -21"><span class='ocrx_word' id='word_1_29' title='bbox 130 749 223 809; x_wconf 88' lang='lat' dir='ltr'><strong>deseri</strong></span> <span class='ocrx_word' id='word_1_30' title='bbox 242 749 368 819; x_wconf 76' lang='lat' dir='ltr'><strong>solebat,</strong></span> <span class='ocrx_word' id='word_1_31' title='bbox 391 748 521 808; x_wconf 83' lang='lat' dir='ltr'><strong>contecta</strong></span> <span class='ocrx_word' id='word_1_32' title='bbox 541 757 618 821; x_wconf 88' lang='lat' dir='ltr'><strong>erat,</strong></span> <span class='ocrx_word' id='word_1_33' title='bbox 640 750 776 830; x_wconf 85' lang='lat' dir='ltr'><strong>cujusque</strong></span> <span class='ocrx_word' id='word_1_34' title='bbox 798 769 852 830; x_wconf 90' lang='lat' dir='ltr'><strong>cpe</strong></span> <span class='ocrx_word' id='word_1_35' title='bbox 870 749 1026 810; x_wconf 73' lang='lat' dir='ltr'><strong>Damoetas</strong></span> 
     </span>
     <span class='ocr_line' id='line_1_6' title="bbox 129 835 1024 929; baseline 0.001 -19"><span class='ocrx_word' id='word_1_36' title='bbox 129 851 157 911; x_wconf 90' lang='lat' dir='ltr'><strong>iu</strong></span> <span class='ocrx_word' id='word_1_37' title='bbox 180 835 382 929; x_wconf 40' lang='lat' dir='ltr'><strong>compitis&#39;vile</strong></span> <span class='ocrx_word' id='word_1_38' title='bbox 405 869 517 910; x_wconf 83' lang='lat' dir='ltr'><strong>carmen</strong></span> <span class='ocrx_word' id='word_1_39' title='bbox 540 869 635 910; x_wconf 81' lang='lat' dir='ltr'><strong>curem</strong></span> <span class='ocrx_word' id='word_1_40' title='bbox 658 851 759 912; x_wconf 87' lang='lat' dir='ltr'><strong>vilibus</strong></span> <span class='ocrx_word' id='word_1_41' title='bbox 777 852 953 912; x_wconf 71' lang='lat' dir='ltr'><strong>auditoribus</strong></span> <span class='ocrx_word' id='word_1_42' title='bbox 976 851 1024 912; x_wconf 85' lang='lat' dir='ltr'><strong>vili</strong></span> 
     </span>
     <span class='ocr_line' id='line_1_7' title="bbox 129 949 1024 1030; baseline 0.001 -19"><span class='ocrx_word' id='word_1_43' title='bbox 129 953 213 1011; x_wconf 81' lang='lat' dir='ltr'><strong>unda</strong></span> <span class='ocrx_word' id='word_1_44' title='bbox 232 952 418 1030; x_wconf 76' lang='lat' dir='ltr'><strong>persequitur.</strong></span> <span class='ocrx_word' id='word_1_45' title='bbox 462 949 593 1010; x_wconf 86' lang='lat' dir='ltr'><strong>laertium</strong></span> <span class='ocrx_word' id='word_1_46' title='bbox 616 951 733 1011; x_wconf 83' lang='lat' dir='ltr'><strong>artificis</strong></span> <span class='ocrx_word' id='word_1_47' title='bbox 753 951 901 1014; x_wconf 86' lang='lat' dir='ltr'><strong>artiliciunr</strong></span> <span class='ocrx_word' id='word_1_48' title='bbox 923 970 1024 1015; x_wconf 79' lang='lat' dir='ltr'><strong>verens</strong></span> 
     </span>
     <span class='ocr_line' id='line_1_8' title="bbox 129 1027 1025 1134; baseline 0.001 -21"><span class='ocrx_word' id='word_1_49' title='bbox 129 1027 267 1113; x_wconf 68' lang='lat' dir='ltr'><strong>inlibatum</strong></span> <span class='ocrx_word' id='word_1_50' title='bbox 284 1059 329 1112; x_wconf 83' lang='lat' dir='ltr'><strong>est</strong></span> <span class='ocrx_word' id='word_1_51' title='bbox 350 1073 369 1110; x_wconf 88' lang='lat' dir='ltr'><strong>r</strong></span> <span class='ocrx_word' id='word_1_52' title='bbox 388 1057 418 1111; x_wconf 90' lang='lat' dir='ltr'><strong>et</strong></span> <span class='ocrx_word' id='word_1_53' title='bbox 437 1070 455 1110; x_wconf 82' lang='lat' dir='ltr'><strong>a</strong></span> <span class='ocrx_word' id='word_1_54' title='bbox 473 1051 610 1111; x_wconf 80' lang='lat' dir='ltr'><strong>confertis</strong></span> <span class='ocrx_word' id='word_1_55' title='bbox 627 1051 726 1111; x_wconf 84' lang='lat' dir='ltr'><strong>literis.</strong></span> <span class='ocrx_word' id='word_1_56' title='bbox 770 1054 801 1112; x_wconf 89' lang='lat' dir='ltr'><strong>ln</strong></span> <span class='ocrx_word' id='word_1_57' title='bbox 819 1055 950 1134; x_wconf 87' lang='lat' dir='ltr'><strong>compitis</strong></span> <span class='ocrx_word' id='word_1_58' title='bbox 963 1075 1025 1128; x_wconf 66' lang='lat' dir='ltr'><strong>mee</strong></span> 
     </span>
     <span class='ocr_line' id='line_1_9' title="bbox 131 1150 1101 1237; baseline 0 -23"><span class='ocrx_word' id='word_1_59' title='bbox 131 1155 170 1214; x_wconf 85' lang='lat' dir='ltr'><strong>ris</strong></span> <span class='ocrx_word' id='word_1_60' title='bbox 199 1161 263 1226; x_wconf 82' lang='lat' dir='ltr'><strong>erat</strong></span> <span class='ocrx_word' id='word_1_61' title='bbox 290 1150 447 1234; x_wconf 75' lang='lat' dir='ltr'><strong>(trivium</strong></span> <span class='ocrx_word' id='word_1_62' title='bbox 474 1151 535 1214; x_wconf 86' lang='lat' dir='ltr'><strong>sive</strong></span> <span class='ocrx_word' id='word_1_63' title='bbox 564 1152 668 1233; x_wconf 80' lang='lat' dir='ltr'><strong>triplex</strong></span> <span class='ocrx_word' id='word_1_64' title='bbox 697 1154 748 1214; x_wconf 50' lang='lat' dir='ltr'><strong>via*</strong></span> <span class='ocrx_word' id='word_1_65' title='bbox 764 1161 809 1213; x_wconf 87' lang='lat' dir='ltr'><strong>est</strong></span> <span class='ocrx_word' id='word_1_66' title='bbox 834 1154 942 1217; x_wconf 82' lang='lat' dir='ltr'><strong>laruae</strong></span> <span class='ocrx_word' id='word_1_67' title='bbox 962 1155 1022 1237; x_wconf 85' lang='lat' dir='ltr'><strong>Y),</strong></span> <span class='ocrx_word' id='word_1_68' title='bbox 1093 1185 1101 1192; x_wconf 96' lang='lat'>·</span> 
     </span>
     <span class='ocr_line' id='line_1_10' title="bbox 130 1251 1035 1334; baseline -0.002 -18"><span class='ocrx_word' id='word_1_69' title='bbox 130 1263 163 1316; x_wconf 85' lang='lat' dir='ltr'><strong>ut</strong></span> <span class='ocrx_word' id='word_1_70' title='bbox 188 1251 270 1315; x_wconf 89' lang='lat' dir='ltr'><strong>liberi</strong></span> <span class='ocrx_word' id='word_1_71' title='bbox 295 1256 330 1314; x_wconf 91' lang='lat' dir='ltr'><strong>ad</strong></span> <span class='ocrx_word' id='word_1_72' title='bbox 355 1255 505 1313; x_wconf 84' lang='lat' dir='ltr'><strong>ludendum</strong></span> <span class='ocrx_word' id='word_1_73' title='bbox 529 1260 559 1314; x_wconf 91' lang='lat' dir='ltr'><strong>et</strong></span> <span class='ocrx_word' id='word_1_74' title='bbox 585 1255 679 1314; x_wconf 82' lang='lat' dir='ltr'><strong>otiose</strong></span> <span class='ocrx_word' id='word_1_75' title='bbox 706 1255 784 1334; x_wconf 88' lang='lat' dir='ltr'><strong>plebs</strong></span> <span class='ocrx_word' id='word_1_76' title='bbox 810 1255 886 1316; x_wconf 88' lang='lat' dir='ltr'><strong>circa</strong></span> <span class='ocrx_word' id='word_1_77' title='bbox 911 1256 1035 1315; x_wconf 74' lang='lat' dir='ltr'><strong>acuuas&#39;</strong></span> 
     </span>
     <span class='ocr_line' id='line_1_11' title="bbox 132 1355 1025 1436; baseline 0.001 -20"><span class='ocrx_word' id='word_1_78' title='bbox 132 1376 200 1416; x_wconf 89' lang='lat' dir='ltr'><strong>suos</strong></span> <span class='ocrx_word' id='word_1_79' title='bbox 221 1356 413 1418; x_wconf 87' lang='lat' dir='ltr'><strong>convenirent.</strong></span> <span class='ocrx_word' id='word_1_80' title='bbox 445 1355 574 1415; x_wconf 70' lang='lat' dir='ltr'><strong>*Scilicet</strong></span> <span class='ocrx_word' id='word_1_81' title='bbox 593 1355 737 1417; x_wconf 80' lang='lat' dir='ltr'><strong>Menalcas</strong></span> <span class='ocrx_word' id='word_1_82' title='bbox 758 1357 863 1436; x_wconf 89' lang='lat' dir='ltr'><strong>aliquid</strong></span> <span class='ocrx_word' id='word_1_83' title='bbox 885 1357 939 1416; x_wconf 84' lang='lat' dir='ltr'><strong>sibi</strong></span> <span class='ocrx_word' id='word_1_84' title='bbox 960 1377 1025 1418; x_wconf 83' lang='lat' dir='ltr'><strong>esse</strong></span> 
     </span>
     <span class='ocr_line' id='line_1_12' title="bbox 131 1456 921 1538; baseline 0 -18"><span class='ocrx_word' id='word_1_85' title='bbox 131 1459 253 1520; x_wconf 89' lang='lat' dir='ltr'><strong>videtur.</strong></span> <span class='ocrx_word' id='word_1_86' title='bbox 273 1483 276 1491; x_wconf 55' lang='lat'><strong>¹</strong></span> <span class='ocrx_word' id='word_1_87' title='bbox 296 1457 444 1517; x_wconf 83' lang='lat' dir='ltr'><strong>Hafniens.</strong></span> <span class='ocrx_word' id='word_1_88' title='bbox 461 1456 507 1517; x_wconf 87' lang='lat' dir='ltr'><strong>B.</strong></span> <span class='ocrx_word' id='word_1_89' title='bbox 532 1457 568 1517; x_wconf 80' lang='lat' dir='ltr'><strong>C.</strong></span> <span class='ocrx_word' id='word_1_90' title='bbox 589 1463 703 1518; x_wconf 75' lang='lat' dir='ltr'><strong>uincta</strong></span> <span class='ocrx_word' id='word_1_91' title='bbox 723 1479 774 1538; x_wconf 88' lang='lat' dir='ltr'><strong>pra</strong></span> <span class='ocrx_word' id='word_1_92' title='bbox 787 1459 921 1536; x_wconf 72' lang='lat' dir='ltr'><strong>juncta.</strong></span> 
     </span>
    </p>

    <p class='ocr_par' dir='ltr' id='par_1_3' title="bbox 132 1543 1030 2139">
     <span class='ocr_line' id='line_1_13' title="bbox 217 1543 1030 1638; baseline -0.001 -17"><span class='ocrx_word' id='word_1_93' title='bbox 217 1567 363 1621; x_wconf 68' lang='lat'><strong>28-31.</strong></span> <span class='ocrx_word' id='word_1_94' title='bbox 407 1559 526 1638; x_wconf 83' lang='lat' dir='ltr'><strong>Spretus</strong></span> <span class='ocrx_word' id='word_1_95' title='bbox 548 1543 698 1631; x_wconf 83' lang='lat' dir='ltr'><strong>bubulcus,</strong></span> <span class='ocrx_word' id='word_1_96' title='bbox 720 1580 879 1638; x_wconf 83' lang='lat' dir='ltr'><strong>provocans</strong></span> <span class='ocrx_word' id='word_1_97' title='bbox 899 1559 936 1620; x_wconf 90' lang='lat' dir='ltr'><strong>ad</strong></span> <span class='ocrx_word' id='word_1_98' title='bbox 956 1581 1030 1622; x_wconf 87' lang='lat' dir='ltr'><strong>can·-</strong></span> 
     </span>
     <span class='ocr_line' id='line_1_14' title="bbox 132 1659 1023 1740; baseline 0.002 -20"><span class='ocrx_word' id='word_1_99' title='bbox 132 1666 178 1720; x_wconf 87' lang='lat' dir='ltr'><strong>tus</strong></span> <span class='ocrx_word' id='word_1_100' title='bbox 195 1668 346 1732; x_wconf 85' lang='lat' dir='ltr'><strong>certamen,</strong></span> <span class='ocrx_word' id='word_1_101' title='bbox 370 1662 534 1740; x_wconf 59' lang='lat' dir='ltr'><strong>responden</strong></span> <span class='ocrx_word' id='word_1_102' title='bbox 556 1659 617 1738; x_wconf 89' lang='lat' dir='ltr'><strong>ipse</strong></span> <span class='ocrx_word' id='word_1_103' title='bbox 630 1661 749 1738; x_wconf 87' lang='lat' dir='ltr'><strong>quidem,</strong></span> <span class='ocrx_word' id='word_1_104' title='bbox 771 1662 1023 1734; x_wconf 77' lang='lat' dir='ltr'><strong>cerwsvictnriac,</strong></span> 
     </span>
     <span class='ocr_line' id='line_1_15' title="bbox 133 1753 1024 1842; baseline 0.003 -21"><span class='ocrx_word' id='word_1_105' title='bbox 133 1763 399 1842; x_wconf 84' lang='lat' dir='ltr'><strong>praestantissimam</strong></span> <span class='ocrx_word' id='word_1_106' title='bbox 423 1781 536 1822; x_wconf 88' lang='lat' dir='ltr'><strong>vaccam</strong></span> <span class='ocrx_word' id='word_1_107' title='bbox 562 1763 663 1842; x_wconf 79' lang='lat' dir='ltr'><strong>gregis</strong></span> <span class='ocrx_word' id='word_1_108' title='bbox 687 1763 851 1840; x_wconf 79' lang='lat' dir='ltr'><strong>paciscitur,</strong></span> <span class='ocrx_word' id='word_1_109' title='bbox 883 1753 1024 1824; x_wconf 64' lang='lat' dir='ltr'><strong>bibulam</strong></span> 
     </span>
     <span class='ocr_line' id='line_1_16' title="bbox 133 1862 1023 1946; baseline 0.001 -23"><span class='ocrx_word' id='word_1_110' title='bbox 133 1884 192 1923; x_wconf 87' lang='lat' dir='ltr'><strong>cum</strong></span> <span class='ocrx_word' id='word_1_111' title='bbox 211 1862 342 1946; x_wconf 77' lang='lat' dir='ltr'><strong>geminis,</strong></span> <span class='ocrx_word' id='word_1_112' title='bbox 365 1883 436 1942; x_wconf 88' lang='lat' dir='ltr'><strong>quus</strong></span> <span class='ocrx_word' id='word_1_113' title='bbox 458 1863 555 1932; x_wconf 85' lang='lat' dir='ltr'><strong>nutrit,</strong></span> <span class='ocrx_word' id='word_1_114' title='bbox 578 1881 650 1939; x_wconf 88' lang='lat' dir='ltr'><strong>quae</strong></span> <span class='ocrx_word' id='word_1_115' title='bbox 668 1863 711 1920; x_wconf 86' lang='lat' dir='ltr'><strong>bis</strong></span> <span class='ocrx_word' id='word_1_116' title='bbox 731 1869 823 1922; x_wconf 85' lang='lat' dir='ltr'><strong>tamen</strong></span> <span class='ocrx_word' id='word_1_117' title='bbox 844 1863 968 1940; x_wconf 75' lang='lat' dir='ltr'><strong>quotidie</strong></span> <span class='ocrx_word' id='word_1_118' title='bbox 986 1864 1023 1924; x_wconf 85' lang='lat' dir='ltr'><strong>ad</strong></span> 
     </span>
     <span class='ocr_line' id='line_1_17' title="bbox 133 1963 1024 2045; baseline 0 -23"><span class='ocrx_word' id='word_1_119' title='bbox 133 1965 276 2025; x_wconf 78' lang='lat' dir='ltr'><strong>mrdctrarn</strong></span> <span class='ocrx_word' id='word_1_120' title='bbox 299 1965 385 2026; x_wconf 85' lang='lat' dir='ltr'><strong>venit.</strong></span> <span class='ocrx_word' id='word_1_121' title='bbox 429 1963 524 2045; x_wconf 83' lang='lat' dir='ltr'><strong>Magis</strong></span> <span class='ocrx_word' id='word_1_122' title='bbox 545 1963 616 2021; x_wconf 84' lang='lat' dir='ltr'><strong>hece</strong></span> <span class='ocrx_word' id='word_1_123' title='bbox 634 1963 662 2020; x_wconf 92' lang='lat' dir='ltr'><strong>in</strong></span> <span class='ocrx_word' id='word_1_124' title='bbox 682 1963 775 2042; x_wconf 82' lang='lat' dir='ltr'><strong>capris</strong></span> <span class='ocrx_word' id='word_1_125' title='bbox 796 1969 825 2023; x_wconf 88' lang='lat' dir='ltr'><strong>et</strong></span> <span class='ocrx_word' id='word_1_126' title='bbox 845 1971 975 2023; x_wconf 85' lang='lat' dir='ltr'><strong>ueterum</strong></span> <span class='ocrx_word' id='word_1_127' title='bbox 994 1971 1024 2023; x_wconf 86' lang='lat' dir='ltr'><strong>et</strong></span> 
     </span>
     <span class='ocr_line' id='line_1_18' title="bbox 133 2063 786 2139; baseline 0.005 -16"><span class='ocrx_word' id='word_1_128' title='bbox 133 2065 212 2125; x_wconf 89' lang='lat' dir='ltr'><strong>lactis</strong></span> <span class='ocrx_word' id='word_1_129' title='bbox 234 2067 349 2125; x_wconf 86' lang='lat' dir='ltr'><strong>ubertus</strong></span> <span class='ocrx_word' id='word_1_130' title='bbox 372 2072 448 2139; x_wconf 85' lang='lat' dir='ltr'><strong>erut3</strong></span> <span class='ocrx_word' id='word_1_131' title='bbox 471 2065 597 2123; x_wconf 72' lang='lat' dir='ltr'><strong>&#39;illecen</strong></span> <span class='ocrx_word' id='word_1_132' title='bbox 621 2063 641 2136; x_wconf 89' lang='lat' dir='ltr'><strong>l,</strong></span> <span class='ocrx_word' id='word_1_133' title='bbox 667 2069 716 2126; x_wconf 74' lang='lat'><strong>25.</strong></span> <span class='ocrx_word' id='word_1_134' title='bbox 779 2085 786 2096; x_wconf 76' lang='lat'><strong><em>‘</em></strong></span> 
     </span>
    </p>
   </div>
   <div class='ocr_carea' id='block_1_3' title="bbox 166 2227 946 2380">
    <p class='ocr_par' dir='ltr' id='par_1_4' title="bbox 166 2227 946 2380">
     <span class='ocr_line' id='line_1_19' title="bbox 166 2227 887 2300; baseline -0.006 -14"><span class='ocrx_word' id='word_1_135' title='bbox 166 2233 234 2286; x_wconf 85' lang='lat' dir='ltr'><strong>Cum</strong></span> <span class='ocrx_word' id='word_1_136' title='bbox 249 2230 363 2298; x_wconf 79' lang='lat' dir='ltr'><strong>geminis</strong></span> <span class='ocrx_word' id='word_1_137' title='bbox 379 2231 482 2283; x_wconf 83' lang='lat' dir='ltr'><strong>dabitur</strong></span> <span class='ocrx_word' id='word_1_138' title='bbox 499 2227 546 2282; x_wconf 86' lang='lat' dir='ltr'><strong>tibi</strong></span> <span class='ocrx_word' id='word_1_139' title='bbox 562 2237 603 2282; x_wconf 84' lang='lat' dir='ltr'><strong>ter</strong></span> <span class='ocrx_word' id='word_1_140' title='bbox 619 2231 759 2296; x_wconf 82' lang='lat' dir='ltr'><strong>mulgenda</strong></span> <span class='ocrx_word' id='word_1_141' title='bbox 777 2233 887 2300; x_wconf 82' lang='lat' dir='ltr'><strong>capella,</strong></span> 
     </span>
     <span class='ocr_line' id='line_1_20' title="bbox 166 2311 946 2380; baseline -0.012 -7"><span class='ocrx_word' id='word_1_142' title='bbox 166 2319 241 2373; x_wconf 84' lang='lat' dir='ltr'><strong>Quae</strong></span> <span class='ocrx_word' id='word_1_143' title='bbox 258 2315 376 2380; x_wconf 84' lang='lat' dir='ltr'><strong>geminos</strong></span> <span class='ocrx_word' id='word_1_144' title='bbox 394 2328 504 2380; x_wconf 83' lang='lat' dir='ltr'><strong>pascens</strong></span> <span class='ocrx_word' id='word_1_145' title='bbox 521 2311 618 2364; x_wconf 83' lang='lat' dir='ltr'><strong>haedos</strong></span> <span class='ocrx_word' id='word_1_146' title='bbox 635 2313 686 2364; x_wconf 88' lang='lat' dir='ltr'><strong>dua</strong></span> <span class='ocrx_word' id='word_1_147' title='bbox 704 2316 812 2364; x_wconf 85' lang='lat' dir='ltr'><strong>mulctra</strong></span> <span class='ocrx_word' id='word_1_148' title='bbox 827 2313 946 2380; x_wconf 87' lang='lat' dir='ltr'><strong>replebit.</strong></span> 
     </span>
    </p>
   </div>
   <div class='ocr_carea' id='block_1_4' title="bbox 131 2464 1120 3555">
    <p class='ocr_par' dir='ltr' id='par_1_5' title="bbox 131 2464 1120 3555">
     <span class='ocr_line' id='line_1_21' title="bbox 131 2464 1022 2544; baseline -0.007 -14"><span class='ocrx_word' id='word_1_149' title='bbox 131 2471 198 2530; x_wconf 85' lang='lat' dir='ltr'><strong>Duo</strong></span> <span class='ocrx_word' id='word_1_150' title='bbox 224 2466 343 2524; x_wconf 88' lang='lat' dir='ltr'><strong>mulctra</strong></span> <span class='ocrx_word' id='word_1_151' title='bbox 364 2464 489 2544; x_wconf 88' lang='lat' dir='ltr'><strong>quotidie</strong></span> <span class='ocrx_word' id='word_1_152' title='bbox 512 2470 557 2524; x_wconf 87' lang='lat' dir='ltr'><strong>ter</strong></span> <span class='ocrx_word' id='word_1_153' title='bbox 579 2464 697 2536; x_wconf 82' lang='lat' dir='ltr'><strong>muletu3</strong></span> <span class='ocrx_word' id='word_1_154' title='bbox 720 2482 775 2522; x_wconf 88' lang='lat' dir='ltr'><strong>nou</strong></span> <span class='ocrx_word' id='word_1_155' title='bbox 803 2470 848 2524; x_wconf 88' lang='lat' dir='ltr'><strong>ter</strong></span> <span class='ocrx_word' id='word_1_156' title='bbox 867 2464 933 2525; x_wconf 90' lang='lat' dir='ltr'><strong>bina</strong></span> <span class='ocrx_word' id='word_1_157' title='bbox 955 2465 1022 2524; x_wconf 87' lang='lat' dir='ltr'><strong>mul·</strong></span> 
     </span>
     <span class='ocr_line' id='line_1_22' title="bbox 132 2566 1020 2646; baseline -0.005 -16"><span class='ocrx_word' id='word_1_158' title='bbox 132 2577 210 2643; x_wconf 87' lang='lat' dir='ltr'><strong>ctra,</strong></span> <span class='ocrx_word' id='word_1_159' title='bbox 249 2566 324 2645; x_wconf 72' lang='lat' dir='ltr'><strong>«pund</strong></span> <span class='ocrx_word' id='word_1_160' title='bbox 354 2566 429 2625; x_wconf 90' lang='lat' dir='ltr'><strong>nulla</strong></span> <span class='ocrx_word' id='word_1_161' title='bbox 463 2576 548 2646; x_wconf 83' lang='lat' dir='ltr'><strong>capra</strong></span> <span class='ocrx_word' id='word_1_162' title='bbox 577 2573 722 2646; x_wconf 85' lang='lat' dir='ltr'><strong>praestare</strong></span> <span class='ocrx_word' id='word_1_163' title='bbox 745 2567 831 2629; x_wconf 84' lang='lat' dir='ltr'><strong>valet.</strong></span> <span class='ocrx_word' id='word_1_164' title='bbox 856 2621 859 2626; x_wconf 14' lang='grc' dir='ltr'><strong>Α</strong></span> <span class='ocrx_word' id='word_1_165' title='bbox 888 2567 1020 2640; x_wconf 77' lang='lat' dir='ltr'><strong>Vaccae,</strong></span> 
     </span>
     <span class='ocr_line' id='line_1_23' title="bbox 131 2665 1022 2751; baseline -0.004 -20"><span class='ocrx_word' id='word_1_166' title='bbox 131 2670 326 2751; x_wconf 79' lang='lat' dir='ltr'><strong>intelligentes</strong></span> <span class='ocrx_word' id='word_1_167' title='bbox 351 2669 485 2729; x_wconf 81' lang='lat' dir='ltr'><strong>vetabant</strong></span> <span class='ocrx_word' id='word_1_168' title='bbox 507 2668 666 2750; x_wconf 80' lang='lat' dir='ltr'><strong>agriculae,</strong></span> <span class='ocrx_word' id='word_1_169' title='bbox 694 2675 842 2748; x_wconf 86' lang='lat' dir='ltr'><strong>antequam</strong></span> <span class='ocrx_word' id='word_1_170' title='bbox 867 2667 959 2728; x_wconf 89' lang='lat' dir='ltr'><strong>bimae</strong></span> <span class='ocrx_word' id='word_1_171' title='bbox 978 2665 1022 2727; x_wconf 84' lang='lat' dir='ltr'><strong>fa·</strong></span> 
     </span>
     <span class='ocr_line' id='line_1_24' title="bbox 133 2770 1021 2846; baseline -0.007 -14"><span class='ocrx_word' id='word_1_172' title='bbox 133 2780 196 2832; x_wconf 85' lang='lat' dir='ltr'><strong>ctae</strong></span> <span class='ocrx_word' id='word_1_173' title='bbox 217 2776 326 2840; x_wconf 85' lang='lat' dir='ltr'><strong>esseut,</strong></span> <span class='ocrx_word' id='word_1_174' title='bbox 349 2771 384 2829; x_wconf 88' lang='lat' dir='ltr'><strong>ud</strong></span> <span class='ocrx_word' id='word_1_175' title='bbox 406 2791 509 2830; x_wconf 85' lang='lat' dir='ltr'><strong>murem</strong></span> <span class='ocrx_word' id='word_1_176' title='bbox 526 2770 684 2842; x_wconf 73' lang='lat' dir='ltr'><strong>admittere,</strong></span> <span class='ocrx_word' id='word_1_177' title='bbox 705 2777 739 2828; x_wconf 88' lang='lat' dir='ltr'><strong>ut</strong></span> <span class='ocrx_word' id='word_1_178' title='bbox 754 2770 853 2829; x_wconf 86' lang='lat' dir='ltr'><strong>trimae</strong></span> <span class='ocrx_word' id='word_1_179' title='bbox 875 2775 1021 2846; x_wconf 84' lang='lat' dir='ltr'><strong>parerent3</strong></span> 
     </span>
     <span class='ocr_line' id='line_1_25' title="bbox 133 2868 1021 2950; baseline -0.009 -16"><span class='ocrx_word' id='word_1_180' title='bbox 133 2881 236 2944; x_wconf 65' lang='lat' dir='ltr'><strong>minen,</strong></span> <span class='ocrx_word' id='word_1_181' title='bbox 259 2872 333 2950; x_wconf 90' lang='lat' dir='ltr'><strong>quud</strong></span> <span class='ocrx_word' id='word_1_182' title='bbox 349 2871 457 2930; x_wconf 88' lang='lat' dir='ltr'><strong>Plinius</strong></span> <span class='ocrx_word' id='word_1_183' title='bbox 472 2879 578 2941; x_wconf 86' lang='lat' dir='ltr'><strong>narrat,</strong></span> <span class='ocrx_word' id='word_1_184' title='bbox 601 2872 662 2950; x_wconf 84' lang='lat' dir='ltr'><strong>ejus</strong></span> <span class='ocrx_word' id='word_1_185' title='bbox 678 2877 804 2948; x_wconf 86' lang='lat' dir='ltr'><strong>tempere</strong></span> <span class='ocrx_word' id='word_1_186' title='bbox 819 2868 1021 2940; x_wconf 85' lang='lat' dir='ltr'><strong>annicularurn,</strong></span> 
     </span>
     <span class='ocr_line' id='line_1_26' title="bbox 134 2967 1120 3056; baseline -0.006 -21"><span class='ocrx_word' id='word_1_187' title='bbox 134 2977 208 3056; x_wconf 88' lang='lat' dir='ltr'><strong>quad</strong></span> <span class='ocrx_word' id='word_1_188' title='bbox 225 2973 404 3042; x_wconf 84' lang='lat' dir='ltr'><strong>Aristoteles,</strong></span> <span class='ocrx_word' id='word_1_189' title='bbox 426 2970 509 3030; x_wconf 88' lang='lat' dir='ltr'><strong>etium</strong></span> <span class='ocrx_word' id='word_1_190' title='bbox 528 2973 712 3030; x_wconf 66' lang='lat' dir='ltr'><strong>vitulae-um</strong></span> <span class='ocrx_word' id='word_1_191' title='bbox 734 2975 798 3028; x_wconf 88' lang='lat' dir='ltr'><strong>acto</strong></span> <span class='ocrx_word' id='word_1_192' title='bbox 813 2967 946 3027; x_wconf 85' lang='lat' dir='ltr'><strong>mensium</strong></span> <span class='ocrx_word' id='word_1_193' title='bbox 964 2967 1022 3029; x_wconf 82' lang='lat' dir='ltr'><strong>fer·</strong></span> <span class='ocrx_word' id='word_1_194' title='bbox 1117 3022 1120 3029; x_wconf 77' lang='grc'>,</span> 
     </span>
     <span class='ocr_line' id='line_1_27' title="bbox 135 3070 1021 3151; baseline -0.007 -17"><span class='ocrx_word' id='word_1_195' title='bbox 135 3076 222 3133; x_wconf 86' lang='lat' dir='ltr'><strong>tilitas</strong></span> <span class='ocrx_word' id='word_1_196' title='bbox 244 3071 440 3151; x_wconf 87' lang='lat' dir='ltr'><strong>requirebatur</strong></span> <span class='ocrx_word' id='word_1_197' title='bbox 457 3071 511 3130; x_wconf 87' lang='lat' dir='ltr'><strong>Lb.</strong></span> <span class='ocrx_word' id='word_1_198' title='bbox 539 3071 588 3142; x_wconf 85' lang='grc' dir='ltr'>ΙΙΙ,</span> <span class='ocrx_word' id='word_1_199' title='bbox 610 3079 661 3132; x_wconf 80' lang='grc'><strong>60.</strong></span> <span class='ocrx_word' id='word_1_200' title='bbox 703 3070 803 3128; x_wconf 80' lang='lat' dir='ltr'><strong>&#39;Pestis</strong></span> <span class='ocrx_word' id='word_1_201' title='bbox 831 3087 941 3149; x_wconf 88' lang='lat' dir='ltr'><strong>qunque</strong></span> <span class='ocrx_word' id='word_1_202' title='bbox 964 3071 1021 3129; x_wconf 87' lang='lat' dir='ltr'><strong>Pli-</strong></span> 
     </span>
     <span class='ocr_line' id='line_1_28' title="bbox 135 3149 1020 3251; baseline -0.007 -17"><span class='ocrx_word' id='word_1_203' title='bbox 135 3175 198 3234; x_wconf 88' lang='lat' dir='ltr'><strong>nius</strong></span> <span class='ocrx_word' id='word_1_204' title='bbox 219 3180 278 3246; x_wconf 87' lang='lat' dir='ltr'><strong>est,</strong></span> <span class='ocrx_word' id='word_1_205' title='bbox 305 3193 423 3244; x_wconf 87' lang='lat' dir='ltr'><strong>vaccas,</strong></span> <span class='ocrx_word' id='word_1_206' title='bbox 446 3191 608 3251; x_wconf 86' lang='lat' dir='ltr'><strong>quamquam</strong></span> <span class='ocrx_word' id='word_1_207' title='bbox 632 3191 712 3242; x_wconf 74' lang='lat' dir='ltr'><strong>reare,</strong></span> <span class='ocrx_word' id='word_1_208' title='bbox 736 3149 890 3250; x_wconf 73' lang='lat' dir='ltr'><strong>&#39;geminos</strong></span> <span class='ocrx_word' id='word_1_209' title='bbox 911 3190 1020 3250; x_wconf 87' lang='lat' dir='ltr'><strong>parere.</strong></span> 
     </span>
     <span class='ocr_line' id='line_1_29' title="bbox 136 3255 1021 3355; baseline -0.008 -20"><span class='ocrx_word' id='word_1_210' title='bbox 136 3275 264 3355; x_wconf 78' lang='lat' dir='ltr'><strong>Tempus</strong></span> <span class='ocrx_word' id='word_1_211' title='bbox 286 3274 460 3333; x_wconf 86' lang='lat' dir='ltr'><strong>udmissurae</strong></span> <span class='ocrx_word' id='word_1_212' title='bbox 486 3273 621 3332; x_wconf 84' lang='lat' dir='ltr'><strong>Varro-u</strong></span> <span class='ocrx_word' id='word_1_213' title='bbox 643 3255 803 3352; x_wconf 81' lang='lat' dir='ltr'><strong>vespertina</strong></span> <span class='ocrx_word' id='word_1_214' title='bbox 827 3279 929 3332; x_wconf 83' lang='lat' dir='ltr'><strong>exortu</strong></span> <span class='ocrx_word' id='word_1_215' title='bbox 954 3270 1021 3329; x_wconf 79' lang='lat' dir='ltr'><strong>Det-</strong></span> 
     </span>
     <span class='ocr_line' id='line_1_30' title="bbox 137 3368 1020 3455; baseline -0.011 -21"><span class='ocrx_word' id='word_1_216' title='bbox 137 3375 213 3455; x_wconf 88' lang='lat' dir='ltr'><strong>pbini</strong></span> <span class='ocrx_word' id='word_1_217' title='bbox 234 3370 275 3453; x_wconf 86' lang='lat' dir='ltr'><strong>(a.</strong></span> <span class='ocrx_word' id='word_1_218' title='bbox 293 3376 320 3433; x_wconf 87' lang='lat' dir='ltr'><strong>d.</strong></span> <span class='ocrx_word' id='word_1_219' title='bbox 344 3374 389 3433; x_wconf 69' lang='grc' dir='ltr'>ΙΙΙ.</span> <span class='ocrx_word' id='word_1_220' title='bbox 406 3374 473 3432; x_wconf 89' lang='lat' dir='ltr'><strong>ldus</strong></span> <span class='ocrx_word' id='word_1_221' title='bbox 488 3371 569 3453; x_wconf 76' lang='lat' dir='ltr'><strong>dun.)</strong></span> <span class='ocrx_word' id='word_1_222' title='bbox 591 3387 642 3453; x_wconf 89' lang='lat' dir='ltr'><strong>per</strong></span> <span class='ocrx_word' id='word_1_223' title='bbox 661 3372 850 3454; x_wconf 78' lang='lat' dir='ltr'><strong>quadraginta</strong></span> <span class='ocrx_word' id='word_1_224' title='bbox 863 3371 924 3430; x_wconf 89' lang='lat' dir='ltr'><strong>dies</strong></span> <span class='ocrx_word' id='word_1_225' title='bbox 942 3368 1020 3436; x_wconf 88' lang='lat' dir='ltr'><strong>iacit,</strong></span> 
     </span>
     <span class='ocr_line' id='line_1_31' title="bbox 139 3471 1021 3555; baseline -0.012 -21"><span class='ocrx_word' id='word_1_226' title='bbox 139 3482 169 3534; x_wconf 92' lang='lat' dir='ltr'><strong>ut</strong></span> <span class='ocrx_word' id='word_1_227' title='bbox 189 3475 268 3538; x_wconf 86' lang='lat' dir='ltr'><strong>vituli</strong></span> <span class='ocrx_word' id='word_1_228' title='bbox 295 3482 360 3555; x_wconf 87' lang='lat' dir='ltr'><strong>pest</strong></span> <span class='ocrx_word' id='word_1_229' title='bbox 386 3474 481 3534; x_wconf 84' lang='lat' dir='ltr'><strong>decern</strong></span> <span class='ocrx_word' id='word_1_230' title='bbox 508 3493 618 3534; x_wconf 83' lang='lat' dir='ltr'><strong>menses</strong></span> <span class='ocrx_word' id='word_1_231' title='bbox 642 3471 875 3554; x_wconf 81' lang='lat' dir='ltr'><strong>temperatissime</strong></span> <span class='ocrx_word' id='word_1_232' title='bbox 896 3477 1021 3546; x_wconf 83' lang='lat' dir='ltr'><strong>ternpore</strong></span> 
     </span>
    </p>
   </div>
   <div class='ocr_carea' id='block_1_5' title="bbox 0 0 1225 3994">
    <p class='ocr_par' dir='ltr' id='par_1_6' title="bbox 0 0 1225 3994">
     <span class='ocr_line' id='line_1_32' title="bbox 0 0 1225 3994; baseline 0 0"><span class='ocrx_word' id='word_1_233' title='bbox 0 0 1225 3994; x_wconf 95' lang='lat' dir='ltr'><strong> </strong></span> 
     </span>
    </p>
   </div>
  </div>
 </body>
</html>
