2424 3994
190 233 238 304 69
439 229 592 288 ECLOGA
615 230 649 288 ΙΙ.
693 237 859 292 40-44..

155 387 156 394 ¹
188 379 252 479 ipse
270 415 326 458 nou
345 393 465 455 listulom
484 403 571 474 optet,
594 396 644 455 sed
665 397 777 456 ussidue
797 398 833 456 ud
854 395 980 476 opiticum
1002 406 1086 458 meet.

190 503 342 560 Mortem
363 499 470 556 demum
493 497 646 555 nummus
668 498 759 556 leudis
781 497 885 556 sosium
907 499 996 578 digno
1018 501 1086 558 ltue-

190 601 315 661 rediture·
341 598 426 662 dedit.
477 598 523 656 Te
549 615 638 656 mm
666 601 842 657 secumdum
869 593 985 658 habet:
1016 621 1036 659 u
1056 609 1086 660 te

191 707 313 762 trocleis
338 697 459 778 priorem
485 715 678 776 possessorem
706 719 761 756 uon
791 699 971 760 desiderabit.
1016 700 1086 758 llxi·

190 805 263 862 mise
273 799 439 879 supellectili
461 817 561 858 seusus
584 799 753 860 tribuuntur.
799 800 828 856 lu
842 797 990 859 lloinieusi
1012 802 1085 858 libro

191 906 243 977 D,
267 901 315 981 qoi
335 921 354 960 o
374 921 401 962 v.
425 908 464 961 29
486 900 610 970 orditur,
640 895 761 958 habret
781 901 896 980 legitur.
943 901 1086 961 Damoe-

191 1019 245 1066 tas
266 1007 374 1074 disco,
405 1002 480 1080 quod
507 999 636 1060 iterutum
661 1010 719 1072 ost,
750 1003 859 1080 pronius
887 1002 1000 1080 uliqood
1022 1021 1086 1082 per-

191 1126 278 1166 souoe
308 1103 449 1182 loquentis
485 1103 626 1162 consiliat.
675 1102 840 1180 Amyntas
866 1115 949 1180 quum
981 1104 1087 1162 stulte

191 1212 319 1287 spere-ret
346 1205 520 1264 haereditate
553 1201 674 1280 listulum
703 1203 831 1282 occipere
837 1245 846 1274 ,
881 1201 997 1263 artificis
1027 1224 1086 1262 mo·

191 1308 290 1368 risntis
311 1307 347 1364 od
368 1307 470 1379 loetum
493 1311 676 1366 conuenerat.

275 1411 421 1467 40-44,
465 1404 556 1474 Etiom
569 1390 671 1462 doirum
684 1407 914 1479 capreolorum
924 1405 1086 1480 juvenum

191 1507 306 1568 multum
328 1505 577 1565 commendationis
603 1505 697 1564 lubet.
741 1507 897 1585 Cepturoe,
932 1507 1086 1584 quod‘pri-

112 1675 113 1682 ἵ
192 1627 263 1668 mum
285 1613 344 1677 est,
377 1605 585 1677 difliooltutem,
614 1626 670 1685 quo
690 1627 797 1667 venons
819 1609 969 1685 Corydon,
1002 1625 1087 1686 quom

192 1709 221 1769 iu
241 1714 393 1786 praerupto
414 1727 462 1768 em
481 1709 622 1782 rupibus
642 1710 732 1767 uelle
753 1727 791 1766 ex
812 1709 908 1767 ruotris
930 1707 1087 1768 eos’eubili

192 1816 317 1889 peteret,
351 1809 431 1888 lupsu
454 1807 558 1868 deferri
579 1809 731 1887 pericolum
762 1803 855 1868 subiit.
900 1809 955 1867 Alii
976 1809 1088 1888 perieu-

193 1913 249 1972 lum
270 1909 434 1992 intelligunt
455 1931 473 1970 e
494 1909 563 1970 feris
585 1910 682 1968 bestiis
700 1916 768 1970 ¹eto
789 1910 989 1988 praedonibus,
1011 1910 1087 1987 quod

193 2021 286 2070 tomen
308 2019 433 2070 metuere
453 2017 616 2069 venatorem
649 2016 784 2066 usmetum
806 2027 903 2086 purum
932 2009 1017 2068 virile
1039 2011 1086 2072 sit.

192 2113 297 2170 Postor
317 2107 462 2188 Calpurnii
484 2108 538 2178 ΙΙΙ,
561 2115 602 2168 77
630 2127 743 2186 porrum
774 2108 946 2186 lepusculum
976 2111 1086 2187 puellus

193 2213 222 2271 iu
244 2193 333 2270 sinum
354 2207 450 2279 infert,
472 2229 553 2287 quom
575 2208 657 2268 metri
678 2209 867 2288 surripuerot3
890 2209 962 2270 ulios
979 2211 1026 2282 Vl,
1045 2221 1085 2272 33

47 2326 49 2329 ’
133 2389 135 2394 X
193 2331 305 2376 cervum
331 2310 470 2391 captivum
497 2310 613 2396 domuit
655 2310 758 2368 Altero
780 2331 847 2390 pers
868 2311 1086 2370 eorumsmlotiu-

193 2415 238 2476 uis
267 2421 325 2472 est:
362 2413 474 2474 elbum
507 2415 713 2472 macularum
748 2413 869 2471 noudum
904 2411 1085 2483 obscuretur,

81 2540 85 2546 ·
194 2515 295 2594 quippe
328 2513 403 2590 qood
438 2511 573 2572 infuseori
605 2513 721 2572 Servius
753 2513 978 2571 adolescentibus
1009 2513 1084 2572 dicit.

193 2617 308 2676 Etiam
334 2631 506 2672 eunocum
532 2617 662 2672 siecum
686 2619 738 2670 out
762 2633 824 2677 eum
853 2632 946 2673 seruo
969 2614 1085 2693 coujun-

194 2732 280 2796 gere,
302 2711 487 2773 collocutione
508 2720 645 2773 vetemur.
689 2713 821 2772 Heinsius
840 2720 1020 2774 etiamnum
1041 2734 1086 2774 re-

194 2817 281 2895 perit,
303 2813 378 2893 quod
399 2833 484 2892 saepe
505 2812 531 2872 is
552 2813 580 2872 in
603 2812 702 2874 ovidio
725 2822 754 2872 et
775 2813 829 2872 Lb.
852 2816 899 2886 lv,
924 2821 982 2876 135
1004 2836 1086 2894 proe-

195 2916 318 2988 fereltot3
340 2914 437 2974 eodem
458 2915 542 2974 modo
563 2912 798 2986 Hofuiensis'B5
822 2923 971 2993 utrumque
985 2925 1085 2975 eutem

195 3017 336 3094 antiquum
358 3022 411 3076 est.
454 3015 572 3087 Ambo,
596 3023 677 3088 suut,
705 3017 752 3095 qui
774 3017 887 3097 legunt3
916 3016 1086 3076 Hufuieuse's

195 3135 305 3195 quoque
329 3115 478 3186 Ceto,
511 3116 555 3176 vel
577 3115 604 3172 id
627 3117 663 3174 ιιιΙ
689 3116 818 3194 pro'ximu
845 3116 1008 3194 superiore,
1041 3119 1085 3178 uel

154 3247 157 3252 ·
196 3218 231 3276 ud
262 3213 391 3293 proximo
416 3213 551 3274 inferiore
584 3198 785 3293 pertrahentes.
829 3216 985 3294 Utrobique
1013 3218 1085 3276 otio-

196 3338 255 3376 sum
278 3323 321 3374 est
330 3357 343 3393 ,Ι
361 3315 452 3386 albo,
477 3317 673 3386 necessarium,
697 3316 795 3393 utqui
817 3317 897 3376 eolor
918 3319 1086 3376 rrlureulurum

196 3418 293 3490 fuerit,
324 3416 477 3504 iudicetur,¹
511 3417 589 3493 eujus
618 3416 735 3474 rutiouis
762 3416 815 3473 iri).
838 3417 886 3488 ΙΙΙ,
911 3424 959 3478 56,
1010 3421 1085 3477 Ter.
