2414 3978
183 231 251 294 18ss
300 278 303 298 ,
429 213 584 276 eunden
604 212 657 286 lX,
680 214 814 276 56-65.

181 409 245 448 men
265 387 294 446 in
317 389 463 464 potiturum
483 402 600 442 numero
622 381 795 441 nominatum
817 380 874 452 sit,
902 400 937 442 eo
959 388 989 441 et
1011 383 1075 463 ipse

181 508 277 549 senem
311 505 356 544 me
387 503 583 546 aerumnosum
618 483 740 555 deserit,
773 486 814 542 et*
830 487 886 540 tem
914 503 1003 542 reuco
1030 484 1073 557 fit,

181 589 262 670 quusi
283 607 328 647 me
349 587 450 662 lupus
472 584 550 664 prior
570 583 682 646 viderit.
725 583 834 656 Fobulu
856 584 1018 662 populeris,
1046 585 1072 644 si

180 692 243 772 quis
265 693 382 767 repente
402 688 497 765 lupum
519 685 700 764 adspexerit,
722 685 784 763 ipse
805 683 884 762 prins
905 685 999 757 visus,
1021 706 1071 746 vo·

180 813 239 854 cem
262 791 289 850 ei
310 788 413 868 perire,
435 787 521 846 multo
543 792 606 847 erct
627 792 693 845 onte
715 784 903 844 Theocritum
918 785 996 859 XlV,
1020 793 1070 857 22,

178 893 228 952 ubi
249 891 277 950 in
298 881 425 960 Adxov',
443 887 558 969 juvenis
578 885 712 967 olicojus,
735 905 770 946 ee
792 886 955 964 adspectum
976 892 1070 945 trons-
1102 879 1112 890 ’

178 993 287 1056 fertur:

245 1099 307 1152 Non
324 1094 459 1166 loqueris?
481 1095 579 1151 viditne
595 1098 672 1164 lupus
689 1091 737 1147 te'l
760 1097 789 1146 nt
805 1092 892 1146 fabula
908 1093 983 1147 ludit.

179 1196 243 1256 Jom
275 1193 406 1253 Plutonis
433 1192 462 1250 in
489 1191 646 1270 Republica
670 1191 725 1250 hoc
751 1188 903 1268 proverbio
930 1191 1067 1250 Socrates

179 1297 215 1356 dc
227 1269 333 1355 ¹feroce
354 1293 568 1380 Tlrpesymechc
590 1291 694 1351 utitur:
717 1290 827 1356 Quodsi
845 1311 900 1349 non
917 1290 996 1370 prior
1010 1311 1067 1372 ego

179 1417 242 1458 eum
263 1395 411 1468 vidissem3
432 1413 519 1466 voce,
541 1394 641 1464 eredo,
663 1410 754 1452 essem
775 1391 913 1470 privetur.
957 1392 989 1449 ln
1011 1392 1067 1451 ltu·

178 1497 216 1556 lic
243 1513 370 1573 quoqne,
397 1493 508 1552 Plinius
529 1493 622 1571 inquit
642 1493 724 1565 Vlll,
755 1499 810 1564 34,
837 1493 967 1571 luporum
988 1492 1068 1553 visus

178 1596 283 1656 noxius
305 1612 369 1652 esse
391 1592 718 1671 creditur,-vocemque
739 1593 859 1667 homini,
888 1612 968 1672 quern
989 1592 1066 1671 prio·

177 1717 225 1758 res
247 1695 487 1773 contemplentur,
505 1692 582 1753 illico
604 1693 737 1754 adimere.
779 1695 854 1754 Hinc
875 1693 995 1755 Seruius
1015 1689 1066 1774 (cf.

178 1800 287 1859 Donet⁸
311 1796 347 1856 ed
382 1795 459 1870 Ter,
485 1792 628 1872 Adelph.
657 1795 711 1867 lV,
746 1805 780 1868 1,
810 1793 864 1878 21)
886 1795 1066 1875 proverbium

177 1901 394 1978 interpretetur:
418 1899 518 1972 lupus
536 1896 728 1971 insubula5
751 1895 882 1975 quonium
899 1896 1064 1974 repentinus

80 1987 86 1996 ¹
177 2001 315 2062 adventus
344 1998 421 2077 ejus,
456 1998 491 2056 de
513 2016 569 2076 quo
589 1996 743 2076 loquimur,
777 2004 809 2056 ot
830 1996 1065 2069 obmutescemus,

175 2100 254 2159 fecit.
298 2097 415 2157 Scilicet
435 2117 453 2157 o
473 2097 601 2157 Moeride
622 2117 680 2157 non
703 2097 809 2178 megin,
831 2118 913 2180 quom
936 2099 1067 2158 socratis

84 2251 85 2260 ,
177 2218 353 2279 ripensem,
375 2197 495 2259 alienum
517 2198 614 2272 fuerit,
637 2199 713 2259 sulse
734 2199 909 2278 repentinum
930 2199 1066 2281 irruptio·

176 2321 240 2362 nem
267 2299 380 2379 ropccis
400 2300 497 2361 militis
518 2299 668 2380 proverbio
691 2307 815 2360 notasse.
859 2301 971 2362 'femen
993 2303 1066 2363 Me·

175 2405 293 2464 calcar
314 2408 427 2473 noster,
461 2401 518 2463 divi
538 2402 608 2462 Julii
629 2401 762 2461 Caesaris
783 2403 928 2475 leudetor,
956 2403 1065 2463 Moeris

175 2503 282 2581 udjicit,
304 2502 339 2560 cb
362 2503 482 2562 nominis
503 2504 625 2563 haerede
639 2503 724 2562 Loris
746 2503 1063 2586 loenelicirestitnetur,

173 2609 259 2678 teque
288 2618 345 2657 non
372 2602 478 2674 minuc,
506 2622 588 2682 quom
615 2610 745 2663 coeteros
773 2605 905 2664 Coesoris
927 2605 1063 2676 cultores,

172 2699 261 2762 totius
282 2700 419 2781 polimctis
440 2703 540 2761 crebre
561 2703 713 2764 iteratione
735 2704 908 2766 laetificabit.

166 2882 170 2891 ἱ
258 2804 394 2866 56-65.
437 2804 482 2861 dn
509 2801 699 2863 infirmitatem
721 2807 872 2866 memoriae
894 2813 925 2865 tu
947 2813 977 2866 et
998 2827 1064 2867 reu·

173 2905 285 2966 citutem
306 2904 386 2966 vocis
407 2905 571 2984 praetexisl
592 2907 714 2979 loceris,
737 2927 835 2985 meque
846 2908 982 2968 monendo
995 2927 1062 2967 con-

173 3013 220 3063 tus
237 3006 280 3066 vis
302 3007 473 3085 cupidiorem
493 3007 618 3068 efficere.
660 3007 740 3088 Age,
768 3027 840 3068 cene
860 3009 957 3068 modo!
987 3009 1062 3067 Ven-

52 3127 55 3132 ·
172 3113 265 3165 torum
287 3105 426 3166 silentium
448 3129 505 3168 non
527 3107 621 3189 magis
642 3108 794 3180 blanditur,
816 3129 899 3188 quem
920 3128 1019 3188 porum
1032 3108 1061 3167 id

173 3212 218 3268 est
243 3191 379 3266 luteribus
407 3203 596 3287 (pulmonibus
622 3227 649 3271 v.
673 3207 1063 3290 Clao.13ro.s.v.)tuiu

127 3367 130 3374 ,
172 3308 302 3382 noxium3
345 3314 494 3385 praetereo
532 3311 644 3388 perdum
681 3309 727 3372 hie
763 3301 832 3371 lic'et
869 3311 1061 3389 requiescere.

172 3407 280 3477 Quodsi
302 3405 423 3486 pluvium
443 3408 572 3470 timemus
594 3410 777 3484 oborientem,
799 3431 885 3490 porro
901 3431 1007 3487 comus,
1031 3420 1061 3472 et
