2414 3978
198 241 264 304 170
447 226 602 286 naboon
623 225 674 299 IX,
697 228 832 288 35-36.

197 407 257 460 tnm
283 397 423 458 olorioum
452 415 534 456 nemo
556 395 683 474 Lycidan
704 395 819 474 assequi
841 413 926 474 posue
947 395 1088 460 rideatur.

196 503 290 560 Varus
310 506 419 570 antem,
441 490 489 558 vir¹
507 497 635 557 militaris
657 505 688 556 et
707 497 899 576 philosophus,
922 507 1015 578 neque
1036 500 1090 561 bae

196 602 226 662 in
248 602 365 682 nelops,
392 618 485 679 neque
507 599 535 656 in
558 606 656 670 sexta,
683 618 772 677 quae,
794 598 883 677 ipsius
905 617 990 676 quum
1012 601 1090 660 leudi

196 704 292 764 dinato
319 702 370 772 sit,
403 700 479 760 Galli
506 699 740 771 ammonebat,
767 699 850 778 qnasi
871 707 957 780 poeta
978 701 1089 762 demum

196 825 233 869 ne
267 801 448 884 significatur
480 801 600 880 quidem.
652 801 696 860 L.
733 801 853 863 Variam
879 821 963 874 vero,
994 822 1087 881 qoem,

196 906 304 986 apim
326 911 454 984 poetam,
481 903 588 964 amiens
608 902 760 974 Horatius,
786 901 941 984 tragicam,
974 904 1088 968 oomn-

134 1011 139 1018 '
194 1008 288 1069 lienus
310 1006 479 1076 admiratur,
508 1004 564 1062 nisi
584 1004 767 1082 interpretem
789 1003 873 1063 istoru
886 1000 1087 1081 ‘Grnquisnum

196 1108 292 1188 opinio
314 1107 431 1178 fefellit,
461 1106 586 1187 eclogia,
608 1105 716 1184 pariter
737 1111 822 1182 atque
844 1105 997 1187 Virgilius,
1019 1113 1087 1166 ante

195 1210 320 1270 earmina
350 1207 514 1267 sublimiora
536 1208 656 1289 [luserat.
700 1206 759 1264 llas
786 1205 877 1287 igitur
902 1204 964 1266 sere
991 1206 1086 1286 impri-

196 1312 250 1371 mis
275 1311 399 1390 Lycidas
421 1307 624 1390 designaverit.
668 1306 782 1366 Gentius
804 1314 862 1378 est,
891 1308 1006 1368 Varium
1027 1317 1085 1367 tum

196 1411 333 1492 temporis
366 1418 479 1471 wrmen
513 1409 643 1471 versibus
677 1408 850 1489 hexametris
881 1409 1085 1488 composuisse,

195 1514 271 1572 uode
298 1511 459 1572 Macrobius
486 1512 560 1568 Sat.
586 1511 639 1581 Vl,
672 1519 704 1583 1,
738 1510 859 1570 tlooos·
880 1517 1002 1589 quatuor
1023 1510 1086 1594 exi-

195 1613 267 1675 mios
280 1597 386 1683 ‘aliem
418 1630 490 1690 quos
511 1610 611 1690 partiar
633 1616 735 1690 posteo
756 1610 892 1692 Virgilius
913 1611 1085 1685 imitabatur,

195 1713 297 1795 partim
325 1712 454 1792 proximo
484 1719 621 1792 sequente
648 1731 724 1772 anno
744 1712 883 1770 'DCCXV
905 1711 933 1771 in
956 1719 1086 1775 oetam

196 1817 325 1898 eclogam
351 1836 379 1877 v.
407 1819 454 1876 88·
475 1813 639 1894 recipiebat.
694 1813 855 1874 Secundum
883 1813 1011 1892 titolum,
1045 1817 1087 1876 dr

194 1929 310 1990 morte,
339 1923 369 1976 et
394 1916 574 1995 reliquiarum
601 1921 770 1996 argumenta
798 1914 891 1975 civilia
917 1934 1030 1975 carmen
1052 1916 1086 1978 il·

194 2021 242 2080 lud
271 2020 307 2078 ad
328 2018 397 2077 Julii
420 2017 554 2077 Caesaris
576 2037 673 2077 oseem
694 2016 866 2096 pertinuisse
886 2015 1008 2077 videtur.
1032 2019 1087 2078 l'a-

193 2120 231 2180 rii
256 2118 383 2180 maturos
397 2117 439 2176 iu
469 2118 660 2178 Caesarianos
681 2137 761 2178 amor
783 2138 821 2177 ex
843 2137 878 2176 eo
900 2125 930 2178 et
951 2118 1014 2198 ipso
1035 2140 1086 2200 ap·

194 2225 287 2302 paret,
308 2220 384 2300 qnod
406 2219 485 2281 brevi
507 2227 573 2300 post
594 2239 718 2302 pugnarn
740 2219 949 2298 Philippensem
973 2220 1086 2282 blaseo·

194 2323 255 2383 nati
282 2322 317 2382 ab
345 2342 380 2382 eo
408 2322 543 2382 Horatius
571 2319 689 2401 (uera.
710 2321 740 2392 l,
763 2328 792 2394 6,
816 2318 871 2401 55)
894 2327 924 2378 ot
946 2320 1085 2401 Virgilius

194 2423 381 2485 obmmenduti
401 2430 478 2482 sont.
522 2423 667 2484 Helvius
689 2423 808 2495 mum,
833 2421 896 2501 Caji
917 2423 962 2482 vel
984 2423 1086 2489 anion

192 2525 390 2604 praenomine,
426 2525 539 2584 Catullo
569 2525 690 2596 anninus,
723 2522 860 2603 potionatis
887 2524 1033 2584 amatoriis
1056 2531 1092 2585 et'

192 2623 418 2704 epigrammatis,
452 2624 587 2704 imprimis
620 2633 714 2686 nutem
743 2626 944 2704 Smyrnaeus
972 2625 1087 2686 oeleher

190 2722 285 2784 santus
320 2731 398 2796 erat,
432 2725 555 2785 carmine
588 2711 624 2786 ad
651 2725 852 2812 obseuritatem
874 2729 971 2804 naimo
997 2727 1085 2788 doato

190 2826 320 2889 versibus
341 2826 528 2899 hexametris,
558 2829 649 2906 qnod,
677 2846 841 2907 quamquam
862 2828 1000 2886 modinum
1022 2828 1085 2888 lon-
1198 2817 1199 2828 ¹

191 2928 337 3010 gitudinm
369 2949 421 3008 per
455 2948 556 2990 uorem
592 2930 724 3011 integrm
756 2948 846 2987 annos
874 2929 1085 2992 elaboraverat.
1198 2957 1199 2960 ¹

191 3029 312 3090 Veteres
334 3031 517 3092 Grammatiei
538 3052 597 3091 nou
618 3032 680 3092 siue
702 3029 945 3092 vensimilitudine
968 3050 1084 3092 msere·

191 3137 271 3202 rant,
294 3131 330 3190 ad
352 3132 528 3215 diligentiam
548 3134 621 3193 hano
643 3132 765 3192 nondum
787 3137 845 3192 tum
869 3134 1004 3211 temporis
1025 3131 1084 3192 usi·

191 3237 279 3292 totam
306 3233 455 3294 Horatium
476 3233 505 3291 iu
527 3232 599 3305 isto,
626 3253 747 3294 nonum
764 3245 943 3309 prematur·
964 3238 1001 3293 tn
1022 3254 1085 3293 am-

189 3353 283 3403 num,
314 3333 487 3410 respexisse.
530 3334 567 3390 nt
593 3335 749 3396 Suetonius
777 3332 867 3396 refert
874 3377 883 3406 ,
912 3331 1084 3394 Crassition

191 3433 408 3492 Grammatico·
435 3434 635 3494 commentario
656 3455 709 3496 suo
731 3435 760 3494 in
782 3437 931 3513 Smyrnam
954 3456 1018 3497 es·
1039 3435 1084 3496 is·
