2392 3986
184 192 270 315 'rue
332 191 337 204 ’
449 243 670 306 ocnoonu.
693 250 845 309 no-cn
923 227 967 266 ·“

266 437 302 450 „-
319 437 352 450 -
369 437 403 448 -
419 437 453 450 ·-
470 409 578 466 Aeterni
591 417 623 466 nt
640 414 719 470 rerba
735 414 866 479 anetem,

270 494 404 562 Religioso
422 501 631 552 contremuerunt
648 498 734 550 omnin
750 503 830 550 motu.

239 623 241 628 .
268 579 382 634 Fiebaut
399 596 466 648 quoe
483 580 599 644 animae,
618 581 728 632 necdum
746 582 844 634 sentire
862 585 990 647 valentes,

269 663 338 714 'l'uur
355 663 463 730 primum
483 664 598 732 trepidae
614 671 757 717 senserunt.
792 667 894 719 Horror
910 672 936 719 et
952 663 1047 732 iugens

239 789 240 794 ,
269 747 412 814 Serapium
430 748 540 815 prendit.
559 775 592 784 —-
610 775 643 785 —-
660 775 695 786 -

202 836 349 894 Mundus
375 853 405 894 v.
423 841 454 906 9,
477 853 515 892 ex
540 836 678 893 communi
688 835 819 895 doctrina
829 835 1039 916 philosophicae
1050 837 1091 896 di-

202 936 352 1015 scipione,
386 935 494 994 conium
529 936 678 1015 globosum
715 943 778 996 erat
806 943 835 996 et
861 957 924 997 cnm
951 939 1092 998 sideribus

173 1072 176 1078 ·
202 1037 301 1095 ordine
322 1037 468 1096 crodocatis
498 1055 530 1096 se
557 1045 744 1110 conuertens,
779 1037 855 1097 iutro
882 1040 955 1116 qnod
991 1039 1092 1098 eteitne

201 1146 330 1198 errantes
345 1138 437 1198 circae
446 1139 561 1220 giobnm
573 1147 754 1211 terrestrem,
778 1141 825 1218 qni
840 1134 989 1198 umbilicus
1004 1146 1091 1211 esset,

202 1241 320 1302 diversis
344 1241 457 1300 arbitrus
474 1248 503 1298 et
519 1242 605 1300 certis
620 1241 775 1301 intervallis
788 1237 1040 1300 circumferrentur
1052 1239 1091 1320 ⁹).

201 1343 310 1402 Poetae
331 1349 439 1412 annm,
461 1341 516 1398 nisi
537 1343 647 1402 ducmn
663 1341 735 1400 coeli
750 1342 877 1400 notitiam
896 1361 937 1401 ex
959 1341 1092 1400 instituto

202 1444 362 1513 traderent,
391 1441 557 1500 crassiorem
585 1443 761 1521 antiquitatis
784 1443 943 1521 opinionem
963 1444 1009 1501 vei
1034 1460 1092 1501 our·

202 1543 269 1600 nino
291 1543 335 1602 vei
352 1542 473 1621 niiqnam
488 1550 596 1622 partem
610 1544 783 1603 retinebante
805 1543 929 1614 coeinrn,
950 1551 1093 1620 tamqnam

199 1646 420 1721 ponderantem
448 1647 623 1724 parandam
656 1659 860 1723 compagem,
905 1651 1092 1702 sustentatam

203 1745 338 1804 columnis
367 1745 516 1816 montium,
551 1765 671 1825 qnorum
706 1745 916 1806 celeberrimum
948 1745 1093 1803 Atlantem

203 1867 280 1919 esse,
309 1847 345 1906 od
376 1865 453 1907 oram
482 1847 557 1907 orbis
584 1856 736 1918 terrarum,
765 1865 861 1926 parum
891 1851 978 1924 supra
1016 1862 1093 1905 nare

203 1949 270 2009 eiati
293 1956 332 2030 *et
363 1950 398 2007 ab
432 1949 546 2008 Oceano
584 1947 759 2018 circumfusi,
797 1947 919 2026 desuper
951 1946 1091 2006 instincti.

203 2048 446 2126 Relinquebantnr
471 2049 574 2128 igitur,
609 2049 683 2107 sient
709 2057 754 2105 est
783 2049 857 2126 apud
884 2049 1038 2108 Homerum
1065 2055 1094 2108 et

202 2148 369 2219 Hesiodum,
398 2148 534 2208 coarctati
556 2149 651 2207 mnndi
673 2153 768 2228 partes
791 2149 955 2227 primariae:
980 2161 1093 2211 terrae

202 2247 284 2308 istius
306 2250 383 2308 orbis
403 2269 430 2310 v·
455 2257 504 2312 17.
526 2250 580 2321 ΙΙΙ,
603 2256 642 2310 61
666 2268 726 2308 cum
749 2249 949 2309 mediomari
970 2251 1093 2330 undique
1176 2293 1177 2318 r

203 2353 352 2425 concluso,
392 2353 467 2431 quod
503 2351 738 2412 mediterraneum
776 2350 907 2425 dicimus,
951 2369 1092 2430 snprsqne

165 2439 166 2446 Ι
202 2458 330 2514 coelom
356 2461 420 2512 eret
443 2455 662 2529 profundum,
696 2453 756 2512 sive
784 2452 876 2531 spatia
909 2451 945 2510 ab
978 2452 1093 2531 opinate

203 2553 274 2612 coeii
296 2571 433 2633 compage
463 2553 625 2622 terminato,
656 2571 756 2631 nempe
783 2555 880 2612 aether
911 2572 973 2612 cum
995 2552 1091 2612 affixis

203 2654 230 2711 ei
250 2653 403 2722 sideribus,
436 2671 508 2730 qnae
537 2653 573 2712 ad
605 2659 742 2712 terrarum
771 2671 848 2713 oram
876 2653 991 2712 Oceano
1021 2663 1093 2713 ner·

202 2743 324 2834 guntur,
347 2751 514 2825 terminans,
546 2763 575 2813 et
596 2761 646 2814 aer
667 2755 779 2813 nubium
802 2756 836 2815 ab
859 2773 894 2813 eo
916 2755 1091 2814 terminatus.

203 2958 372 3017 saeculnm
385 2977 489 3018 aureae
502 2959 695 3020 renovationis
707 2958 813 3037 incipit.
856 2957 999 3029 Nature,
1023 2963 1093 3015 nntn

88 2895 109 2922 Ι
203 2855 280 2914 Haec
303 2859 411 2914 omnia
433 2875 501 2934 pree
519 2859 690 2936 voluptate
707 2856 867 2935 trepident,
890 2856 954 2914 dnm
975 2855 1093 2933 primun
1174 2887 1175 2913 r

203 3057 380 3139 siguificare,
411 3081 496 3142 saepe
524 3062 559 3122 de
585 3062 669 3120 rebus
690 3060 794 3118 leniter
814 3059 959 3118 commotis
981 3057 1092 3117 dicitnr.

203 3161 330 3222 Catullus
362 3161 465 3234 LXiV,
502 3169 562 3224 291
595 3169 770 3222 'nutantem
793 3163 972 3236 platanum
999 3159 1093 3229 hoba,

204 3304 404 3314 ———.—.---

271 3377 299 3443 Ἰ
332 3351 402 3429 run.
420 3375 446 3427 h.
465 3394 492 3430 n.
517 3378 540 3438 il
561 3393 581 3441 a
599 3377 707 3445 princip.
743 3377 860 3430 Macron.
873 3375 899 3427 iu
917 3391 1001 3428 somn.
1021 3373 1091 3441 scip.

204 3477 297 3534 Cicero
316 3479 434 3529 timone
449 3477 467 3530 6
484 3493 518 3530 ss.
