2446 3972
224 273 269 332 76
462 264 614 324 naboan
636 265 696 337 vlt,
720 264 862 326 14420.

223 431 299 492 Afro
315 439 406 491 maren
428 453 499 492 anns
526 433 622 494 servit.
667 434 803 515 ‘Degener
823 434 900 492 istud
928 433 993 492 libri
1014 435 1104 495 Medi·

223 535 267 593 cei
287 531 421 606 laedor,
442 535 487 594 cni
504 553 612 612 agarna
628 535 742 614 insuper
759 516 927 613 adscriptum
946 542 1004 606 ert,
1027 539 1104 597 nullo

224 634 286 694 loe'o
310 644 484 708 numeretur3
519 636 630 714 saepius
652 637 724 694 enim
750 636 813 696 fieri
833 637 966 708 vidimus,
998 645 1031 696 ut
1058 659 1104 698 ca·

224 757 289 816 pras
310 744 416 796 tantum
437 737 545 796 scribae
563 737 698 815 caprariis
719 739 819 819 largiri
836 739 939 800 vellent
959 737 1007 810 ΙΙΙ,
1033 749 1104 801 103.

223 839 379 897 Meliboeus
401 839 534 916 pascebat
555 858 611 896 nna
632 858 693 896 cum
717 842 809 920 capris
832 861 973 899 nnmerum
992 861 1105 920 quoque

222 961 401 1020 agnorum,
433 959 549 1018 qnorum
571 947 674 998 matres
696 941 778 1012 alibi,
806 950 889 1002 s'erva
910 941 1033 1001 fortasse
1056 964 1104 1002 eu-

222 1043 318 1114 stode,
340 1023 554 1122 pabulabantur.
597 1039 688 1120 Agrai
710 1063 804 1101 mense
824 1041 982 1103 Novembri
998 1051 1028 1102 et
1046 1029 1103 1103 De*-

184 1164 186 1170 ·
220 1144 323 1203 cambri
347 1145 380 1216 ΙΙ,
405 1152 440 1204 21
467 1143 512 1202 edi
534 1144 675 1217 solebant,
710 1151 738 1202 ct
759 1151 823 1223 post
851 1152 972 1223 quatuor
992 1167 1104 1206 menses
1208 1209 1211 1224 1

220 1247 431 1325 depellebantnr
454 1253 482 1304 et
505 1251 623 1305 secreti
641 1246 827 1324 pascebantur
844 1253 874 1304 et
891 1247 1102 1308 claudebantur.

222 1349 310 1408 Varro
334 1350 370 1419 ΙΙ,
395 1357 423 1420 2,
447 1356 486 1408 17
513 1347 605 1426 pabuli
633 1347 783 1407 bonitatem
811 1347 846 1406 iis
873 1348 1040 1427 paciscitur.
1074 1357 1104 1410 et

53 1525 57 1534 .
118 1519 123 1528 .
219 1452 386 1520 curandum,
412 1466 457 1507 lne
478 1450 542 1527 quid
563 1449 608 1510 vel
621 1451 762 1528 frigore
782 1451 827 1509 vel
855 1458 936 1509 aestu
963 1451 1102 1511 laborent.

219 1551 391 1610 Theocritus
412 1551 489 1621 Xlll,
513 1553 568 1612 25:

319 1717 437 1772 Pleiades
456 1717 557 1786 qnando
575 1723 697 1784 surgunt,
715 1717 828 1785 agnique
845 1718 933 1770 tenelli

249 1875 252 1882 .
319 1801 449 1855 Extremis
466 1803 494 1854 in
511 1802 579 1868 agris
597 1809 748 1870 pascuntur,
766 1819 811 1855 ver
828 1801 871 1854 ubi
889 1803 982 1868 vergit.

219 1962 354 2042 Magnum
376 1964 531 2029 certamen,
561 1959 711 2036 Corydon
732 1965 762 2015 et
786 1954 952 2044 Thyrsis!
981 1979 1033 2036 pro
1056 1979 1101 2034 eo,

219 2065 293 2142 qnod
316 2061 462 2119 dicendum
483 2066 559 2129 erat,
592 2060 667 2118 inter
688 2060 759 2116 duos
780 2059 846 2116 illos
868 2066 999 2118 cantores
1028 2061 1101 2120 eele-

102 2205 105 2212 .
219 2166 292 2222 brer.
336 2161 485 2221 Sententia
512 2167 557 2219 est
583 2160 747 2219 admirantis
769 2160 910 2238 dictioqne
932 2162 1100 2221 sententiae.

218 2265 362 2346 Principia
377 2263 536 2350 certaminis
550 2261 647 2335 futuri,
665 2269 736 2341 quae
750 2263 904 2322 Meliboeus
920 2263 1020 2341 partim
1039 2270 1101 2323 tan·

216 2375 275 2427 tum
292 2373 488 2446 conspexerat,
511 2372 596 2444 patto
616 2373 644 2425 et
660 2367 721 2444 ipse
737 2371 829 2424 mente
846 2365 926 2422 nobis
941 2366 1101 2446 adjicienda

216 2469 358 2546 relinquit.
391 2468 514 2546 Thyrsis
531 2487 669 2548 arrogans
682 2468 857 2544 Corydonem
871 2467 978 2525 excitat
993 2468 1101 2526 modica

217 2571 252 2628 de
273 2589 305 2640 se
325 2557 414 2647 ipsum
437 2568 618 2640 sentientem3
647 2568 705 2640 bic,
727 2576 759 2632 ut
780 2568 960 2648 ignominiam
983 2569 1100 2628 ulcisca-

217 2678 276 2742 tur,
309 2676 450 2727 oantatum
472 2676 619 2746 provocat,
653 2665 793 2748 Daphnis,
821 2670 928 2728 arbiter
953 2677 1099 2741 evocatus,

216 2771 338 2851 priorem
360 2769 458 2830 ordine
480 2769 598 2828 canendi
621 2790 682 2829 eum
705 2771 788 2842 facit,
821 2771 865 2830 oni
895 2771 1000 2850 injuria
1020 2771 1099 2830 illata

214 2873 323 2946 fuerat3
356 2872 403 2950 qni
424 2872 548 2931 animose
569 2873 697 2952 injuriam
719 2874 866 2943 intulerat,
898 2871 924 2930 ir
950 2873 1026 2931 illico
1054 2893 1099 2933 re·

216 2977 355 3055 spondere
372 2975 501 3056 jubetur:
533 2974 598 3035 vide
620 2976 674 3046 ΙΙΙ,
698 2981 748 3037 52.
798 2975 896 3040 Quare
917 2981 1035 3052 uterque
1056 2977 1098 3036 vi·

215 3077 307 3138 einaim
329 3079 481 3138 canebantz
515 3077 580 3136 date
602 3065 681 3148 mibi,
714 3078 826 3147 illusae,
859 3082 892 3134 ut
912 3076 1014 3134 alterni
1037 3096 1099 3136 aar·

215 3181 296 3242 minis
317 3182 404 3260 probe
425 3179 608 3238 meminerim!
648 3181 690 3237 llo
713 3177 855 3237 conclusio
877 3197 988 3256 quoqne
1009 3177 1099 3256 respi-

214 3285 255 3344 cit
274 3303 302 3344 ν.
325 3289 380 3343 69:
412 3276 492 3338 daec
513 3285 657 3352 memini,
690 3301 724 3340 ea
745 3285 824 3350 sunt,
857 3300 929 3358 quae
952 3281 1097 3340 recordor.

215 3385 278 3442 Non
301 3401 381 3441 secus
396 3361 484 3452 'Vlla
507 3389 545 3441 62
568 3381 726 3441 recordatio
748 3380 878 3440 carminis
899 3403 918 3442 a
938 3383 1028 3440 illusis
1049 3401 1098 3461 pe·
1210 3423 1211 3426 η

216 3483 295 3542 titur.
336 3484 367 3541 ln
389 3481 537 3541 Theocriti
558 3501 668 3562 qnoque
689 3482 745 3553 lX,
768 3490 825 3553 28,
847 3484 895 3542 nbi
914 3503 1036 3556 canens,
1072 3481 1097 3542 ri
