2446 3972
335 816 603 893 ECLOGA
649 813 946 888 OCTAVA.

362 1053 917 1153 ranunnenuunln.

262 1281 456 1396 Pastorum
480 1315 790 1393 Musam'Damcnis
806 1332 841 1390 et
856 1322 1085 1410 Alphesiboei,

194 1433 374 1498 Immemor
402 1429 579 1493 herbarum
608 1449 690 1514 quos
719 1434 772 1492 est
799 1425 919 1492 mirata
946 1426 1088 1506 juvence

195 1533 386 1612 certantes,
410 1551 546 1615 quorum
570 1528 784 1612 stupefactae
807 1529 955 1593 carmine
970 1527 1088 1608 lynces

195 1633 238 1698 Et
261 1639 389 1696 mutata
411 1652 490 1695 suos
512 1630 704 1716 requierunt
724 1627 859 1694 flumina
882 1651 1017 1695 cursus:

171 1730 357 1799 5Damcnis
380 1729 509 1796 Musam
533 1734 683 1798 dicemus
707 1739 741 1796 et
763 1731 990 1816 Alphesiboei.

100 1829 108 1839 ⁵
177 1819 188 1844 ²
258 1835 314 1900 Tu
328 1835 404 1898 mihi
419 1855 479 1898 seu
492 1833 605 1918 magni
618 1853 759 1918 superas
766 1834 928 1912 jumsaxa
940 1833 1088 1918 Timavi,

196 1937 274 2003 Sive
298 1959 389 2002 cram
412 1935 538 2016 liiy'rici
560 1936 646 2020 legis
670 1935 844 2020 aequoris:
868 1955 910 2000 en
933 1936 996 2002 erit
1019 1959 1088 2001 um·

604 2056 702 2120 quam

196 2136 258 2203 llic
287 2136 374 2219 dies,
406 2135 484 2202 mihi
513 2157 610 2224 quum
633 2137 737 2202 liceat
757 2145 816 2202 tua
838 2137 951 2202 dicere
972 2138 1089 2205 factat
1201 2187 1205 2208 4

195 2237 247 2302 En
270 2237 344 2322 erit,
368 2244 404 2304 ut
424 2237 527 2304 liceat
547 2247 652 2310 totum
675 2239 753 2303 mihi
774 2238 865 2304 ferre
887 2261 950 2324 per
972 2239 1087 2306 orbem

155 2339 279 2406 roseta
306 2339 494 2426 Sophocleo
522 2348 581 2406 tua
612 2341 761 2406 carmina
784 2343 885 2425 digna
907 2343 1089 2412 cothurno?

196 2442 228 2506 A
250 2451 285 2506 te
308 2441 519 2526 principium,
540 2442 598 2507 tibi
622 2440 766 2508 desinet!
796 2443 925 2529 Accipe
941 2445 1046 2524 jussis

197 2539 356 2605 Carmina
378 2552 499 2628 coepta
519 2544 595 2626 tuis,
620 2553 719 2629 atque
741 2545 827 2611 hanc
849 2545 922 2610 sine
935 2553 1089 2632 tempora

606 2645 730 2708 circum

197 2737 288 2805 inter
309 2739 464 2806 victrices
487 2742 646 2806 hederam
669 2745 727 2809 tibi
750 2767 888 2831 serpere
909 2747 1035 2813 laurus.

260 2841 399 2928 Frigida
420 2841 474 2907 vix
496 2843 591 2908 coeio
613 2847 721 2911 noctis
743 2849 941 2914 decesserat
957 2849 1084 2932 umbra,

156 2943 304 3016 teanum
328 2967 383 3010 ros
405 2945 438 3008 in
458 2953 578 3011 tenera
600 2949 714 3031 pecori
736 2949 947 3033 gratissimus
967 2949 1087 3016 herba:

197 3043 396 3107 incumbens
418 3047 517 3112 tereti
540 3045 672 3112 Danrun
695 3050 745 3114 sic
766 3052 879 3134 coepit
900 3052 1022 3117 clivaer

525 3204 762 3290 DAMON.

263 3346 424 3427 Nascere,
447 3367 594 3432 praeque
617 3351 703 3416 diem
726 3352 864 3416 veniens
887 3375 966 3439 age,
990 3354 1087 3419 Luci·
1186 3315 1190 3321 .

603 3449 673 3532 fer,
698 3450 839 3516 almum!
