2414 3978
183 285 252 348 opp
402 261 405 268 “
434 271 588 332 Euboan
610 272 648 343 x,
671 277 807 331 ιιι-ιι.

140 505 142 514 ,
184 446 269 504 habet
290 449 459 523 correptam.
494 441 644 502 Bubulco·
666 421 733 498 sunt
755 437 843 524 tardi,
865 422 970 516 quolia'
983 455 1082 496 eorum

185 553 326 619 armenta3
353 545 465 604 minime
486 549 617 623 pastores
639 562 735 613 suurn,
763 539 912 611 subulci,
945 537 1083 597 librorum

185 648 293 726 aliquot
313 667 397 705 runnu
418 635 586 725 scrip'torum
607 649 749 714 veterum3
772 654 866 721 genus
885 639 958 700 enirn
970 641 1084 698 suillum

186 749 323 807 incessum
337 748 385 808 vix
397 748 542 827 permittat
553 741 733 806 morantem(
765 743 862 802 Libris
873 739 981 800 noetus
998 761 1082 800 manu
1188 733 1189 736 ¹

185 849 299 928 scriptis
328 856 372 907 est
393 850 529 928 Apulcjus
557 846 714 926 antiquior,
746 845 793 924 qui
820 844 864 902 bis
892 843 1081 924 virgilianum

186 954 363 1029 opilionem
384 955 414 1010 et
435 950 643 1030 dubeeqrmm,
667 947 687 1006 i.
711 967 736 1006 e.
749 953 890 1006 rectorem
904 946 999 1016 boum,
1020 945 1081 1004 lau-

187 1055 250 1124 dat,
279 1054 313 1111 ad
341 1053 416 1110 lrunc
443 1051 534 1109 locum
562 1050 725 1129 respiciens.
769 1048 915 1126 Denique,
947 1047 1015 1126 quid
1036 1047 1081 1106 lric

186 1156 241 1214 sibi
266 1155 356 1216 velint
382 1153 508 1212 subulcil
539 1153 716 1212 Menalcas
743 1151 877 1209 subulcus
904 1169 989 1228 quum
1016 1169 1081 1229 pro·

141 1245 144 1254 ’
185 1257 262 1315 ximo
284 1277 368 1316 versu
390 1261 505 1334 praesto
526 1253 574 1314 sit.
617 1253 685 1312 Veri
705 1252 797 1312 simile
818 1258 873 1324 est,
894 1251 930 1311 ad
949 1252 1080 1311 Merrab

185 1377 244 1416 car
264 1358 514 1436 interpretaturum
534 1355 677 1416 addidisse
699 1355 819 1434 aliquem
841 1354 1005 1425 eubuleus,
1026 1353 1079 1412 ita·

187 1457 385 1539 queinaanae
412 1457 597 1518 correctionis
625 1476 738 1516 causam
761 1457 881 1515 dedisse.
924 1457 1082 1534 Utrumque

186 1559 261 1618 istud
283 1559 459 1630 vocabulum,
482 1559 560 1617 succi
581 1560 693 1637 plenum·
715 1557 840 1631 villatici,
863 1557 950 1616 semel
971 1563 1083 1614 tantum

187 1658 324 1740 Virgilius
344 1659 399 1718 hoo
419 1659 449 1718 in
470 1660 535 1719 loco
557 1659 698 1731 adhibuit,
726 1665 756 1719 et
782 1659 818 1718 dc
838 1657 971 1718 Arcadia!
1003 1659 1084 1718 'Nam

187 1762 222 1821 ab
250 1761 342 1821 inerte
370 1761 503 1834 mollitia,
535 1781 626 1842 paene
654 1760 831 1840 Sybaritica,
863 1779 938 1819 nunc
964 1767 1083 1820 nostrae
1186 1779 1189 1788 '¹

187 1871 308 1944 po'eseos
330 1862 496 1944 pastoritiae
503 1908 511 1937 ,
532 1871 588 1924 taur
610 1865 699 1944 longe
721 1863 782 1944 ejus
803 1863 929 1922 Arcades
952 1861 1082 1934 aberant,

186 1973 228 2039 ut,
250 1967 279 2024 in
301 1973 459 2046 poematum
481 1986 577 2026 amore
595 1965 732 2048 legitimo,
755 1964 864 2023 coelum
877 1963 1082 2024 crassissimum

188 2073 218 2127 et
243 2069 356 2126 labores
383 2068 548 2126 durissimos
575 2067 732 2126 tolerarent
753 2065 819 2141 Vll,
852 2071 881 2126 4.
926 2065 1023 2131 Quare
1044 2065 1080 2124 ad

187 2168 334 2230 veritatem
361 2175 448 2249 poeta
469 2169 631 2229 describens
654 2188 690 2227 ne
712 2167 882 2228 subulcum
903 2167 1013 2247 quidem
1033 2165 1079 2226 lie

188 2269 314 2343 evitavit,
337 2290 418 2350 quern
439 2267 522 2332 nimie
544 2289 607 2331 esse
627 2269 780 2353 ignobilem
802 2269 839 2328 ad
861 2288 928 2328 suos
950 2275 1080 2350 pastores

168 2372 370 2452 ,adumbratos
403 2373 576 2432 Theocritus
608 2371 740 2432 censuit:
785 2370 908 2430 Arcadia
938 2370 1080 2449 quoniam,

189 2475 264 2555 quod
285 2495 371 2554 supra
392 2475 614 2547 memoravimus,
635 2472 762 2532 homines
784 2479 814 2532 et
826 2471 1081 2532 suesmultitudiue

188 2577 366 2653 glandium
387 2576 553 2655 saginabat3
588 2581 616 2634 et
643 2575 734 2634 Varro
757 2573 799 2646 ll,
828 2579 848 2632 4
877 2573 1023 2653 quoniam,
1052 2573 1082 2632 iu

187 2672 311 2760 Arcadia
332 2693 410 2732 suem
431 2695 463 2734 se
484 2675 597 2749 vidisse,
618 2676 702 2734 testis
724 2683 778 2748 est,
800 2695 882 2755 quae,
904 2695 973 2756 prae
995 2674 1081 2734 nimio
1188 2717 1189 2722 κ

188 2775 402 2858 pinguetudine,
424 2795 545 2858 surgere
563 2777 708 2856 nequiret,
731 2779 811 2858 cnjus
832 2777 862 2838 in
884 2797 970 2836 earne
992 2795 1082 2835 sorex

187 2879 282 2939 nidum
305 2877 428 2952 fecerat,
461 2885 491 2940 ct
511 2887 661 2960 pepererat
687 2898 790 2938 mures.
834 2877 960 2938 Crudum
986 2883 1083 2937 tamen

187 2981 249 3042 auri
281 2983 427 3043 Romanae
460 2983 673 3043 condonabatur
708 2982 879 3054 eubuleus,
913 2977 1083 3060 praesertim

187 3089 254 3166 post
281 3076 508 3161 ὃμοιοτέλευτον
534 3083 681 3157 bubulci,
711 3088 740 3143 et
768 3081 864 3142 officia
890 3088 999 3140 tantun
1021 3081 1083 3140 lle-

187 3187 288 3247 nalcae
309 3187 536 3247 aridolumore
549 3187 647 3258 silvae,
669 3185 845 3264 glandium
866 3181 1084 3244 hibernam

186 3290 297 3370 plenae,
319 3286 561 3370 significabantur.
607 3285 717 3346 olam
737 3284 891 3358 hiberna,
913 3304 1003 3364 quae,
1025 3302 1082 3343 non

188 3391 317 3459 collecta,
340 3388 435 3446 densis
456 3389 486 3446 in
504 3387 586 3468 jugia
607 3389 740 3447 muntium
751 3385 931 3468 perhiemem
939 3387 1082 3467 jacuerat.

188 3490 246 3546 Ver
273 3486 346 3544 enim
373 3504 449 3546 nunc
470 3487 560 3566 iprum
582 3485 687 3560 nosse,
715 3489 746 3548 id
766 3487 920 3550 lcrularum
942 3485 1031 3547 flores
1053 3493 1082 3546 ct
1153 3494 1157 3503 “
