2424 3994
410 259 565 321 ECLOGA
587 261 608 320 l.
634 263 777 324 59-6‘3·
881 321 888 330 ,
994 269 1042 332 99

147 429 204 489 elio
226 436 307 508 parte
329 429 438 488 coelum
460 431 627 509 respiciant,
666 449 747 509 quem
769 448 824 508 qun
851 429 1039 509 specmverint

146 529 252 609 pridie,
282 529 328 590 vel
355 529 514 588 incubantis
537 531 705 604 palumbis
734 535 872 609 gennem
914 533 1039 610 Uterque

147 637 178 690 et
203 627 348 709 palumbes
371 631 426 701 lll,
450 637 500 690 69.
522 639 552 689 et
572 643 693 692 turtur·
719 633 795 692 inter
821 631 944 692 aestivas
972 651 1040 692 aves

146 733 247 796 messis
270 732 379 791 advena
401 737 460 802 est,
482 737 512 790 et
533 732 576 791 bis
597 731 724 804 incubat,
752 751 840 794 verno
863 738 989 810 tempore
1010 739 1040 790 et

145 833 224 894 ‘circa
251 830 418 904 solstitium
454 831 522 910 pulli
550 832 734 910 capiebantur
760 840 790 892 et
820 833 1039 913 saginabantur3

145 931 286 991 mansueti
307 933 391 990 etiam
411 933 441 993 in
470 931 650 991 columbariis
670 921 815 1012 palumbes
841 933 903 1012 ovis
925 933 1039 994 incuba-

132 1033 224 1092 bant.
273 1032 349 1090 Tua
368 1051 469 1103 cerm,
494 1038 559 1090 brae
581 1025 712 1104 deliciae,
730 1035 770 1096 'oln
792 1034 936 1114 gemitum,
959 1035 1039 1114 cuijus

145 1132 243 1193 suavis
265 1135 390 1208 sonus'a
411 1131 518 1214 Longo
548 1151 659 1210 quoqne
680 1133 820 1192 laudatur.
861 1135 958 1194 Haec
975 1149 1038 1208 pa·

146 1229 268 1293 lumbis
290 1233 424 1312 ampliore
456 1253 585 1318 sermone
607 1235 789 1313 dictumvpro
811 1233 959 1294 usitatiore
986 1231 1040 1294 dic

145 1355 174 1396 r.
197 1337 247 1394 15.
277 1334 421 1406 Tertor,
460 1337 540 1414 cujus
567 1335 684 1416 [generis
718 1336 815 1394 etiam·
835 1332 880 1394 est
912 1335 1040 1394 columba

145 1435 265 1506 risoria,
283 1429 357 1507 'tres
374 1442 483 1494 tantum
503 1437 623 1496 menses
635 1437 664 1496 in
687 1435 769 1496 ltalia
780 1443 931 1516 moretm,
965 1456 1038 1494 eam·

145 1555 201 1615 que
224 1535 372 1616 Origenes
382 1536 456 1616 juga
476 1528 610 1596 montium
628 1543 658 1596 ct
678 1539 809 1622 arborum
830 1537 976 1598 cacumina
997 1537 1038 1595 di-

144 1637 239 1717 ligere
260 1637 336 1695 dicit.
379 1637 537 1718 Erigebant
562 1639 674 1715 quidem
695 1638 808 1718 Virgilii
834 1638 979 1717 lupatria
1001 1639 1038 1698 od

146 1737 304 1816 quindecim
335 1744 442 1796 tantum
463 1739 508 1798 vel
529 1738 632 1818 uiginti
664 1737 725 1796 lere
746 1740 832 1818 pedes
860 1740 976 1800 meritas
996 1741 1038 1798 ul·

145 1859 221 1912 mos3
254 1840 304 1898 sed
333 1839 398 1917 quid
426 1839 541 1908 obstat,
570 1839 718 1917 quominus
745 1840 823 1919 rupis
850 1841 886 1898 ad
918 1841 1038 1911 radices,

130 1942 221 2018 'quae
247 1946 364 2020 segetes
385 1938 587 2009 terminabant,
621 1939 705 1997 etiem
726 1939 762 1996 de
789 1939 936 1998 altioribus
957 1940 1038 2000 ulmis

82 2051 85 2068 ⁴
149 2041 323 2121 cogitemusl
367 2039 540 2099 Theocritus
569 2059 680 2118 quoque
706 2039 771 2110 Vll,
802 2043 877 2111 141,
907 2059 963 2118 quo
993 2042 1038 2102 dic

148 2141 285 2220 primitias
306 2141 419 2222 frugum
441 2141 540 2200 Cereri
562 2141 707 2200 oblaturos
729 2141 807 2213 adiit,
829 2147 966 2200 turturem
988 2161 1038 2200 uu·

148 2243 389 2322 «lingonensem,
412 2257 496 2315 quum
517 2240 650 2314 aestivum
672 2241 766 2301 omnia
784 2248 814 2297 et
834 2242 1038 2300 auctumnolem
1135 2261 1140 2271 ¹

147 2341 323 2402 fertilitatem
346 2337 515 2395 redolerent.
559 2338 672 2394 Canens
695 2337 843 2394 frondator
864 2339 929 2396 dum
948 2341 1038 2399 ulmos

147 2444 276 2518 amputat
296 2437 369 2509 illic,
402 2435 448 2494 nie
463 2453 560 2514 neque
579 2435 723 2514 palumbes
753 2455 844 2514 neque
865 2443 973 2520 turtur,
1007 2439 1036 2500 in

148 2543 209 2601 alte
230 2539 303 2598 ulmo
326 2535 521 2612 considentes,
543 2557 562 2595 a
582 2537 691 2618 gemitu
711 2546 835 2600 cessant.

116 2769 123 2782 ⁴
233 2747 379 2804 oo—-ee,
422 2741 496 2800 Vere
517 2741 627 2800 dixisti!
650 2741 760 2802 facilius
780 2741 859 2816 fient,
882 2762 953 2820 queo
973 2743 1036 2804 fieri

149 2851 299 2923 nequeunt,
322 2861 404 2920 quum
424 2849 456 2901 ut
467 2843 599 2902 Caesaris
620 2842 758 2904 beneficia
779 2843 981 2904 obliviscemur.
994 2877 1036 2892 --

149 2947 245 3005 Rebus
266 2943 475 3002 incredibilibus
492 2945 607 3021 implere
623 2942 850 3022 ,comparationes
872 2943 954 3002 etiam
967 2964 1035 3023 quo·

149 3047 271 3105 tidianus
291 3063 383 3103 sermo
404 3044 491 3102 multo
522 3051 580 3102 tum
601 3064 654 3102 usu
676 3051 870 3103 consueverat.
913 3046 1035 3106 Facilius

149 3143 254 3204 volabit
274 3164 375 3204 cervus
402 3150 432 3202 et
452 3143 537 3222 piscis
559 3144 613 3202 erit
634 3144 663 3200 in
684 3143 769 3202 sicco.
811 3145 869 3216 Ne,
901 3143 1043 3211 aetltcre·

149 3251 269 3317 mutato,
291 3244 405 3324 legetur
426 3261 579 3322 aequore,
601 3249 633 3301 ut
653 3242 832 3303 artificiosior
853 3243 973 3308 exsistat
994 3247 1035 3308 dl.

150 3350 257 3402 ctorum
279 3345 354 3403 inter
364 3365 396 3404 se
418 3344 572 3417 contentio,
594 3343 676 3402 etiem
698 3345 768 3402 baec
788 3351 939 3413 consuent,
961 3345 1035 3420 quod

150 3463 291 3522 aequor,
328 3446 351 3503 si
374 3445 402 3504 id
424 3465 480 3504 non
508 3444 563 3504 alia
590 3445 647 3504 ulla
673 3463 705 3502 re
725 3441 893 3522 insignitur,
928 3445 1034 3504 metuo
