2424 3994
311 301 317 305 ¹
366 222 519 284 uenoon
541 224 745 292 u.4o-so.
921 171 928 186 ’
962 237 1008 298 05
1043 308 1045 310 Ι

116 393 264 475 expressit.
308 391 407 452 Album
430 393 559 462 lilium,
584 404 686 467 κρινον
708 391 767 450 sive
788 391 912 471 larprov,
935 393 1006 459 flore

115 497 147 554 ab
169 493 313 574 angustiis
334 493 364 552 iu
385 490 561 550 latitudinem
582 507 646 547 sese
667 489 791 560 luente,
815 491 956 556 stantibus
975 501 1003 559 iu

115 595 205 656 medio
227 593 336 663 erosis,
359 592 440 670 quale
462 589 543 649 nobis
564 589 683 670 uulgare
705 597 758 661 est,
781 611 837 650 nuo
858 613 919 654 euru
941 619 1005 658 nar.

115 696 188 756 risse
209 701 291 752 nans
312 691 400 752 maria
429 691 517 770 primo
539 703 606 751 uere
626 689 737 751 Plinius
749 688 778 769 *l
800 690 903 754 llorere
930 697 1005 773 dicit,
1029 771 1032 778 .

114 814 169 856 non
192 794 280 855 multo
309 797 374 872 post
393 791 483 852 violas
503 791 547 862 X,
571 797 626 862 253
661 790 690 848 in
712 790 794 852 llulia
816 803 881 872 post
901 817 1005 862 rosam.

115 897 259 957 Seriorem
285 893 404 972 aliquam
435 890 556 970 speeiem
576 889 713 970 Virgilius
739 891 902 972 significare
929 901 1006 960 vide.

115 1005 174 1069 tur,
209 1013 283 1075 quae
310 993 337 1052 in
365 991 464 1050 Sicilia
489 1009 601 1072 quoque
631 989 707 1048 eirea
738 991 887 1055 solstitium
913 996 1005 1062 lieret.
1056 990 1061 999 ⁸

114 1099 238 1168 Μία,
263 1093 324 1167 Ιον,
347 1099 463 1172 propter
484 1091 601 1150 odonam
620 1089 828 1150 similitudinem
850 1116 868 1153 a
889 1100 1007 1159 Graecis

116 1205 144 1258 et
164 1193 307 1266 Romanis
324 1213 376 1273 par
396 1191 496 1252 llorurn
517 1190 712 1270 appellabatur
733 1196 842 1271 genere
864 1195 1005 1258 dissimile.

116 1299 231 1376 Nigra
251 1297 361 1366 viola,
385 1293 545 1370 periurior,
567 1291 670 1350 eximie
692 1288 756 1365 lou,
777 1297 1006 1382 uiolansiloes-

116 1405 192 1471 tris,
217 1416 289 1476 quae
309 1393 406 1454 lllortii
426 1393 530 1453 mensis
552 1399 605 1464 est,
631 1399 660 1450 et
680 1392 756 1452 humi
776 1395 908 1473 pullulut3
929 1419 1007 1460 cars-

116 1503 199 1561 deda
219 1499 311 1558 viola
331 1496 390 1556 sive
412 1495 563 1566 ievuoi'ou,
593 1496 689 1554 viola·
706 1499 831 1570 satine,
856 1501 936 1578 eujus
956 1500 1007 1560 llo-

117 1619 163 1662 res
185 1619 202 1658 e
222 1598 361 1658 fruticoso
382 1595 462 1654 eaule
483 1601 622 1674 surgunt,
645 1614 663 1653 a
684 1594 760 1654 foliis
781 1617 853 1656 eona
873 1599 1008 1682 lanugine

118 1698 247 1762 obductu
280 1697 494 1768 nominabatur3
531 1695 760 1773 quemadmodum
790 1698 863 1758 oliae
899 1721 1011 1782 quoque

118 1803 234 1882 plautae
260 1819 288 1860 v.
308 1819 339 1880 g.
368 1798 473 1856 hedera
497 1795 553 1856 Lb.
575 1795 627 1866 lv,
651 1801 714 1857 124
741 1798 827 1877 nigra
852 1799 953 1862 fronde
981 1811 1012 1864 et

118 1902 239 1978 eandida
265 1897 521 1978 distinguebantur.
573 1895 622 1953 Ad·
644 1895 745 1954 violam
776 1898 908 1972 sativam,
940 1923 1012 1982 quae

116 2001 299 2072 defloruerat,
322 1997 414 2060 (lvidii
435 1999 524 2058 artie
545 2013 607 2082 aar.
631 1995 701 2056 brec
721 1999 865 2076 pertinent
881 1999 932 2074 ΙΙΙ,
954 2011 1010 2067 67:

184 2118 242 2170 Hos
259 2131 326 2180 ego,
345 2113 390 2183 qui
406 2117 515 2176 mosot,
533 2109 639 2164 frutices
656 2109 764 2164 violeris
780 2111 842 2166 vidi.

118 2203 198 2264 liaeo
217 2203 294 2264 riola
314 2201 425 2269 sativa,
447 2215 520 2274 quae
541 2197 729 2274 peculiaribus
751 2202 908 2260 seminariis
931 2199 1012 2282 (uio.

120 2304 306 2366 hriirflor.
330 2300 366 2356 ΙΙ.
387 2298 507 2362 0d.15‚
531 2299 563 2372 b)
586 2294 739 2364 colebatur,
762 2297 845 2355 etiarn
868 2308 934 2358 ente
954 2303 1014 2362 vio-

118 2407 160 2466 les
188 2405 261 2462 istas
287 2397 447 2469 silvestres,
475 2409 548 2470 quae
574 2411 612 2450 ex
637 2408 777 2470 purpureo
799 2395 828 2454 in
856 2400 1015 2461 coeruleum

118 2496 408 2566 eoloreminelinont,
430 2492 558 2564 florebat,
581 2493 631 2552 se'd
648 2493 824 2556 diuturniore
845 2504 1013 2576 constantia,

119 2603 238 2666 [loribus
260 2598 340 2668 albis,
362 2595 509 2676 purpureis
531 2601 561 2654 et
580 2593 680 2666 luteis3
700 2595 787 2668 luteo,
809 2600 890 2680 eujus
904 2603 1014 2682 speeies

121 2707 216 2784 aliqua
243 2706 392 2760 auctumno
422 2696 557 2768 florebat,
589 2695 663 2773 opud
684 2697 807 2757 medicos
833 2701 943 2778 quidem
965 2705 1014 2762 im-

122 2804 219 2884 primis
247 2801 275 2859 in
309 2801 417 2858 bonore
442 2805 513 2858 erat.
529 2810 536 2827 ²
562 2797 749 2856 Pallentem
778 2803 916 2872 violam,
942 2796 1014 2862 'mihi

124 2905 218 2984 opinio
240 2908 302 2972 est,
325 2901 461 2958 lavuoroo
482 2897 642 2956 universum
664 2916 757 2977 genus
780 2898 935 2975 complecti,
958 2923 1014 2965 non

125 3002 255 3086 diligenti
276 3001 351 3060 inter
372 2998 483 3058 colores
510 2995 610 3054 florum
632 2995 791 3054 discrimine
812 2995 903 3070 sueto,
936 3003 1016 3062 mini-

125 3125 224 3184 meque
250 3103 279 3162 id
304 3087 434 3167 obstare,
472 3096 547 3174 quod
574 3093 672 3152 fuscae
699 3094 781 3155 faciei
803 3097 936 3175 pallorem
965 3085 1016 3162 ¹oli-

128 3206 238 3282 quando
259 3201 395 3260 Horatius
424 3216 485 3257 eum
505 3192 582 3254 lutea
603 3195 693 3268 viole,
724 3204 756 3256 ut
777 3196 849 3276 quae
870 3202 1015 3282 vulgatior

132 3331 333 3348 -t--n-fl

197 3417 228 3484 ⁰)
259 3415 328 3470 run.
345 3409 371 3466 o.
389 3387 416 3466 i.
434 3411 506 3478 xxa,
524 3407 557 3464 11
574 3427 596 3463 s.
613 3410 656 3465 es.
795 3479 816 3540 5
