2392 3986
223 276 290 349 mo
470 269 624 328 uouoea
646 265 692 326 m.
717 273 869 328 comas..

221 438 416 522 Nam‘piures
450 445 593 509 veterum,
629 457 700 516 quos
722 433 855 495 Heinsius
886 433 997 504 iaudat,
1032 423 1115 492 etiem

220 544 346 614 Probus,
375 542 573 600 Pometiam
593 515 748 598 Arcailia
769 543 899 606 tueatur,
928 529 1002 613 quod
1024 535 1114 614 ipsam

220 633 381 703 Macrobius
403 645 476 701 Sat.
499 642 533 713 V,
558 647 597 701 14
619 647 757 718 tamquam
780 657 915 698 amoenae
936 637 1115 716 repetitionis

154 789 165 809 .
221 745 378 824 exempium
408 743 564 822 proposuit.
612 741 774 800 Macrobius
810 739 970 817 reperiebat
1000 754 1114 816 quoque

222 850 322 917 dicet,
351 846 441 924 quod,
478 845 569 925 magis
602 843 729 922 spirans,
763 841 889 920 pluribus
927 839 1001 897 idem
1035 838 1114 897 libris

221 947 351 1026 seriptis,
381 945 464 1006 etiam
499 945 731 1026 Lengniebiano,
764 951 799 1002 et·
829 941 957 1002 Ascensii
990 941 1113 1005 editione

221 1044 396 1108 defenditur:
428 1045 525 1107 eodem
554 1027 636 1105 modo
664 1046 760 1116 vhe
788 1051 853 1123 post
879 1041 1052 1102 addubitans
1083 1047 1113 1100 si

221 1154 329 1230 legat,
363 1159 461 1209 canet
482 1158 539 1220 est,
568 1149 643 1226 quod
672 1148 807 1205 audacter
829 1143 967 1228 affirmat3
996 1144 1069 1214 <iem
1090 1145 1112 1202 i,

222 1261 282 1314 373
306 1258 337 1311 si
348 1269 506 1329 pergam,
537 1261 722 1326 corrtysoitet,⁸
746 1246 800 1317 Vi,
824 1249 883 1308 883
907 1251 938 1305 si
966 1263 1110 1320 tempos,

130 1403 134 1410 .
221 1360 309 1424 eris,·
332 1353 401 1425 xit,
425 1361 484 1412 233
508 1357 539 1410 si
561 1351 835 1427 congrediamur,
859 1345 1026 1408 diedemate.

305 1463 454 1516 ott—73.
499 1451 631 1510 Felieiter
651 1450 757 1508 utinam
778 1448 919 1519 noscaris,
948 1450 1039 1526 pueri
1067 1467 1110 1506 or-

220 1563 359 1633 natusque
372 1554 411 1612 sis
432 1553 546 1612 beroien
568 1551 696 1630 eorporis
707 1549 847 1630 animique
858 1543 1049 1630 praestantiai
1072 1579 1111 1594 -··

220 1659 282 1716 iioe
304 1663 444 1734 optatum,
477 1655 551 1732 quod
579 1655 693 1734 tongam
716 1674 805 1733 ρησιν
825 1632 963 1732 pictorum
984 1651 1110 1710 iocorum
1184 1669 1185 1680 ¹

221 1757 403 1818 communium
425 1752 577 1825 offerebat,
601 1762 685 1834 poeta
706 1755 831 1825 facetus,
854 1754 917 1812 dum
937 1773 974 1811 ex
993 1753 1110 1812 Pindari

220 1865 370 1938 praecepto
384 1853 495 1938 [epit.
519 1859 546 1927 i,
572 1853 646 1936 157)
663 1859 829 1917 demulsis
845 1867 1110 1915 somersetentem

220 1963 268 2020 ecl
279 1961 470 2020 brevitatem
481 1963 654 2035 astringit,
671 1977 769 2037 pressa
787 1964 816 2016 et
830 1963 916 2038 grata
929 1955 1109 2016 simiiitudine

219 2061 300 2138 quasi
323 2061 421 2117 ludere
441 2057 530 2136 sinit:
553 2059 752 2116 Materridens
767 2077 882 2136 puerum
895 2059 1107 2138 contempletur,
1183 2123 1184 2130 ,

219 2161 254 2218 ct'
269 2159 400 2217 beroieus
422 2159 536 2216 deorum
557 2155 632 2216 fliius
654 2159 729 2221 illico
751 2165 905 2230 monstret,
937 2160 1108 2220 arridentem
1183 2131 1184 2202 i

218 2279 289 2319 ase
309 2265 424 2319 matrem
443 2261 501 2340 jam
523 2260 653 2340 agnosci.
699 2259 807 2324 Risus
829 2263 949 2320 metris
972 2263 1107 2334 desierat,

217 2363 344 2422 Lucinae
371 2361 507 2421 beneficio
535 2361 618 2421 facile
646 2383 707 2422 eam
740 2363 851 2422 enixam
884 2381 962 2434 esse,
990 2365 1106 2442 puicbro
1183 2411 1184 2436 ,

216 2472 377 2545 vegetoque
392 2484 480 2542 puero
494 2463 674 2536 delectatam3
695 2477 831 2524 matura
841 2469 964 2523 rsotitia
981 2465 1106 2526 laeten-

221 2569 266 2622 tir
284 2565 373 2636 filii,
406 2561 453 2640 qui
481 2563 577 2622 oscula
605 2565 717 2635 matris,
752 2565 832 2643 quasi
859 2543 894 2624 ad
923 2568 1105 2628 diuturnas

216 2665 386 2721 molestias
409 2665 630 2741 compensandus
658 2667 805 2744 pueriliter
839 2666 1000 2726 blandiente
1030 2675 1104 2729 νίειι
1183 2735 1184 2738 Ἴ

216 2767 349 2840 exeipit
375 2744 451 2842 (raam
484 2766 557 2842 quod
585 2767 659 2825 aiiud
682 2768 794 2848 signum
816 2786 880 2828 esse
901 2775 996 2847 potest
1018 2775 1103 2830 noti·

215 2863 318 2945 tlael)
350 2865 479 2923 eximium
501 2867 620 2926 animum
643 2869 763 2942 indicat,
790 2870 880 2947 quaiis
907 2871 937 2928 in
958 2871 1103 2931 beroiemn

215 2965 365 3044 principem
394 2986 498 3026 aureae
528 2971 629 3029 aetatis
657 2971 742 3028 eadit.
785 2971 849 3029 Non
876 2971 967 3030 miuus
997 2974 1102 3032 eximie

122 3061 125 3066 ’
214 3066 399 3125 Theocritus
416 3069 520 3140 XXW,
552 3079 590 3131 23
623 3069 721 3151 fingit:
764 3071 828 3150 ipso
861 3071 970 3130 deebno
1005 3093 1101 3134 mense

213 3166 359 3244 ipbieiem,
392 3175 471 3246 putre
503 3171 587 3228 beroe
630 3178 740 3242 natura,
776 3191 843 3251 prae
885 3174 1100 3235 advenientibus

213 3268 389 3345 serpentibus
403 3271 614 3347 intelligente
625 3278 698 3329 metu
711 3273 899 3346 exciamasse3
920 3294 1017 3334 verum
1029 3274 1099 3337 iler-

212 3367 299 3425 cuiam
307 3370 438 3446 juvenem
458 3389 563 3449 aegaee
579 3374 823 3452 intelligentem
838 3381 867 3434 et
883 3379 956 3435 sine
967 3382 1096 3450 timore,
1182 3351 1183 3356 ἵ

210 3465 311 3544 quippe
333 3466 412 3526 Jovis
433 3467 536 3542 fliium,
558 3473 756 3552 compressisse
774 3493 839 3547 eas,
862 3496 931 3554 prae
952 3479 1096 3558 voluptate
