2446 3972
53 251 55 256 ·
173 236 238 298 rao
406 217 562 282 ucrroaa
584 218 659 290 vrn,
681 220 817 304 aanor.

86 383 92 389 ὓ
171 394 589 473 r¹⁰r⁰⁸¹¹0r⁸tcrgunmtum
610 392 757 448 emunctae
773 383 851 444 naris
867 383 981 463 pettam
1000 391 1067 444 ωδ-
1107 402 1110 413 ·

171 495 226 576 git,
237 501 270 552 ut
281 513 339 554 rem
352 509 474 572 peregre
487 497 620 569 poneret:
634 497 665 548 et
674 488 723 548 ubi
734 488 847 548 tandem
854 486 946 567 magis
953 487 1068 562 idonee,
1183 479 1186 484 ¹

172 615 254 676 quam
267 596 296 654 in
311 594 483 654 Thessalici
504 591 586 652 ltalia
596 591 709 669 quidem
722 597 752 649 et
765 590 827 668 ipsa
838 589 949 648 Marsas
961 588 1068 648 offere·
1175 664 1178 668 ,

115 679 120 682 ⁶
172 698 221 758 bet
242 703 271 756 et
289 696 419 764 Sabdlas
441 713 540 774 magas
556 693 625 751 Hor.
643 692 733 770 llpod.
748 691 839 764 xvn,
860 699 915 763 ²83
933 690 973 750 ibi
984 711 1065 765 vero,

171 799 302 878 quoniam
316 817 408 876 poena
419 797 588 856 vetabantur
600 794 737 874 legitima,
752 793 871 852 humiles
883 793 1004 851 maxime
1019 813 1067 852 ve-

172 901 257 960 tulae·
266 899 413 978 negotium
426 897 453 956 id
470 895 640 956 factitabant
654 896 734 956 ovid.
746 895 819 954 Aac.
834 897 857 966 l,
880 904 908 958 8.
920 894 1017 954 Fare.
1030 895 1066 966 ll,

172 1007 244 1073 571,
264 1021 380 1079 quarum
399 997 551 1078 descriptio
571 995 682 1076 putidas
695 999 795 1056 sordes
809 1002 968 1055 nostrarum
980 1015 1066 1056 vene-

171 1103 287 1162 ficarum
307 1100 517 1180 adaequaverit.
562 1101 592 1158 la
609 1099 761 1158 Thessalia
774 1105 867 1159 autem
885 1096 1067 1156 artificiosius

169 1205 199 1264 id
212 1205 408 1264 adolescentes
420 1221 531 1280 quoque
542 1203 652 1280 puellae
664 1208 694 1260 et
705 1201 939 1264 matronaeetiaru
945 1199 1068 1260 nobilio·

170 1325 217 1365 res
225 1307 407 1378 exercebant,
415 1301 1068 1384 qaodexAnthologa'aeepigrammate,qnod

171 1408 208 1468 ad
228 1429 257 1468 v.
280 1415 320 1468 68
343 1407 479 1477 dabimus,
501 1412 532 1468 et
552 1405 635 1464 asino
658 1405 779 1464 Luciani
801 1405 914 1488 magico
935 1409 1065 1484 apparet.

148 1509 303 1567 'llamdenr
332 1509 368 1565 ob
396 1527 454 1564 rem
477 1507 613 1586 Virgilius
635 1526 704 1566 suae
725 1508 862 1569 Canidiae
884 1525 987 1566 nonen
1008 1525 1067 1564 uon
1110 1508 1113 1513 ’

170 1607 248 1667 dedit
262 1601 445 1666 domesticam
460 1609 642 1686 Sagarino
662 1629 734 1668 anus
756 1608 891 1682 venefica,
914 1609 1066 1668 sedGrce-

170 1729 233 1770 curn
254 1707 545 1782 Phamaecmrtra‘u,
571 1711 607 1770 acl
626 1711 706 1790 qnod
727 1713 872 1770 Romanus
894 1710 1068 1773 Thessaliae

42 1894 46 1901 Ι
169 1811 304 1889 imprimis
326 1811 531 1874 recordabatur
552 1833 579 1874 v.
601 1819 653 1875 69.
695 1814 810 1892 Hypata
830 1813 912 1886 urbs,
935 1813 984 1871 nbi
1001 1813 1066 1871 liu·

170 1913 254 1972 ciano
283 1921 315 1972 ut
336 1933 395 1974 rem
416 1915 555 1995 magicam
577 1935 659 1974 suam
677 1915 832 1974 collocaret
852 1913 927 1974 sarna
949 1915 1067 2001 popula·

170 2014 210 2072 ris
242 2012 397 2086 suadebat,
432 2017 466 2074 ab
497 2016 618 2096 regione
650 2014 742 2076 nostri
773 2016 935 2076 certaminis
962 2016 1068 2076 musici

170 2136 232 2174 non
250 2116 365 2174 multum
386 2101 503 2182 aberat,
539 2119 697 2198 Sophronis
719 2119 863 2180 mulierum
878 2119 1067 2178 Hecataarum

170 2217 363 2290 adumbratio,
391 2237 474 2296 quom
496 2219 685 2290 Theocritus,
709 2221 770 2300 ejus
792 2216 955 2300 popularis,
973 2220 1003 2278 in
1027 2220 1068 2280 al-

171 2325 234 2380 tero
256 2319 354 2398 idyllia
377 2319 549 2392 imitabatur,
572 2323 608 2381 nd
626 2323 786 2400 Syracusas
806 2321 902 2401 potius
923 2322 1069 2402 pertinue-

170 2421 218 2492 rit,
241 2440 296 2499 quo
319 2423 488 2500 superstitio*
505 2431 687 2489 emanaverat
708 2425 888 2490 Thessalica.
931 2425 1009 2484 Aru
1026 2426 1068 2486 lo·

172 2540 234 2579 eum
256 2523 419 2598 requirebat
439 2525 491 2583 sub
514 2525 577 2596 dio,
598 2526 770 2604 etquidem,
793 2527 918 2605 quadiu
940 2528 1069 2592 Aeneide

147 2615 219 2696 'est
244 2620 298 2692 lV,
328 2626 404 2692 504,
433 2624 461 2681 in
484 2625 620 2684 interiore
642 2631 735 2687 aula.
779 2627 843 2690 lluc
855 2629 967 2702 scm
982 2649 1069 2710 appa·

172 2725 252 2778 ratos
272 2720 401 2800 magicus
422 2743 439 2782 e
461 2725 543 2782 domo
559 2728 736 2804 portabatur.
780 2730 873 2812 igitur
889 2731 984 2808 effer,
1009 2749 1066 2793 non

84 2903 87 2908 .
119 2855 129 2872 ·
171 2821 261 2899 affer
293 2819 402 2902 aliquot
434 2824 567 2886 librorum
600 2839 779 2910 corruptum,
816 2832 862 2916 cui
887 2833 1068 2898 minanam

172 2925 376 3000 pabocinatur.
420 2928 452 2988 ln
483 2948 552 2990 eree
577 2933 700 2992 antdieli
728 2935 971 3012 pharmaceutriaa
997 2951 1070 3013 qno·

172 3041 228 3101 que
259 3027 451 3090 Theocriteae
484 3034 571 3094 cedes·
599 3042 644 3094 ent
671 3033 866 3108 informanda,
902 3054 1070 3115 quemqnam

173 3141 230 3183 non
243 3129 349 3200 fam
370 3148 405 3188 ea
426 3132 533 3192 diserte
553 3136 718 3196 vocabulum
741 3139 863 3198 clamare
884 3138 1014 3199 volebat:

241 3238 375 3374 Thestlyli,
394 3239 488 3380 pqiltrs
506 3248 550 3299 abi
567 3249 649 3304 aaut?
667 3251 725 3318 far,
744 3251 878 3320 Thestyli!
906 3252 947 3306 aa
965 3267 1070 3322 qnoque

213 3357 221 3366 .
334 3339 410 3376 euros

172 3421 276 3524 aqua
308 3427 466 3490 lucrata
493 3438 594 3518 spargi
619 3439 732 3500 colebat
758 3441 786 3500 ln
811 3441 906 3502 neris
932 3441 1070 3523 1ῑεὶώί
