2414 3978
336 213 338 218 ’
386 217 541 278 scadan
559 217 610 290 lX,
633 221 768 282 zea-50.
953 227 1020 288 185

130 387 239 446 alienos
261 385 378 444 miscere
400 383 517 453 solitas,
541 381 665 444 Dianam
688 402 750 442 am.
774 385 803 454 1,
833 390 887 457 14,
910 391 949 446 3³
972 386 1018 446 vel

15 503 17 568 g
130 487 213 546 istam
239 486 326 565 ipsam
353 485 491 544 Venerem
520 482 603 554 dicit,
631 501 703 562 qnae
726 480 864 562 (Hesiodo
887 483 1017 565 auctore)

15 613 16 634 ³
130 607 168 648 ex
190 587 259 646 nari
280 594 408 647 materno
430 583 566 666 emergit,
587 584 682 663 itaque
703 584 815 644 Dionae
836 585 877 642 illi
898 603 935 643 ne
956 583 1017 642 atii·

129 688 174 748 nis
195 690 307 768 quidem
329 692 383 746 est.
427 688 492 765 lpse
509 685 605 745 Julius
622 689 730 746 Caesar
751 691 885 766 quaestor
905 683 1017 744 amitam

129 809 208 850 suam
235 787 395 849 defunctam
417 787 536 862 duliam,
562 788 646 848 illarii
666 788 781 869 majoris
802 805 936 859 uxorem,
965 805 1017 863 pro

129 891 245 950 Rostris
266 889 409 964 laudabat,
431 890 506 967 qnod
526 908 620 969 genus
635 891 696 970 ejus
713 896 867 948 maternum
885 888 921 948 ob
937 887 1017 945 Anco

128 990 238 1050 Marcio
251 1009 331 1072 rege,
343 995 489 1068 paternam
507 1010 525 1048 a
539 991 649 1050 Venere
666 990 813 1049 oriundum
824 994 911 1048 asset.
940 985 1018 1047 Haec

127 1091 437 1171 igiturestsententia.
487 1090 617 1152 Veteres
639 1103 733 1150 ortas
753 1095 927 1168 signorum
946 1105 1016 1148 coe·

129 1192 280 1266 lection,
304 1191 430 1271 Daphni,
453 1212 490 1251 ne
511 1190 638 1271 suspica!
666 1191 799 1272 Majoris,
821 1190 865 1250 lris
886 1190 1016 1250 adhaec
1119 1222 1121 1227 ·

129 1291 212 1351 nobis
238 1292 395 1355 observads
421 1291 543 1352 siderum
565 1292 716 1364 meatibus,
749 1293 796 1372 qni
817 1312 905 1372 opera
925 1289 1016 1361 nobis,

128 1399 324 1472 tempestatem
351 1400 381 1454 et
401 1391 577 1454 fertilitatem
598 1393 815 1476 significabant,
848 1393 913 1454 lrinc
935 1391 1016 1452 nobis

82 1557 88 1564 ,
128 1493 265 1575 agricolis
286 1514 362 1556 nora
382 1495 438 1554 ista
459 1498 562 1556 atella
582 1493 642 1569 liet,
665 1515 748 1575 quoe,
770 1498 894 1556 sideris
916 1494 1015 1566 instar,

127 1592 205 1676 signi
226 1595 317 1655 instar
338 1597 482 1656 stellarum
504 1597 639 1676 plurium,
668 1608 811 1670 aeman,
839 1597 960 1667 micans,
987 1595 1015 1654 in
1136 1662 1139 1670 ¹

127 1697 186 1758 olto
215 1717 269 1756 ano
295 1717 381 1757 cursu
408 1697 563 1775 conspicua
589 1699 661 1757 exiit
668 1739 677 1770 ,
704 1703 880 1772 processit.
929 1695 1017 1756 llafn.

3 1849 4 1868 p
125 1797 163 1858 Β
193 1801 381 1874 praecessit
412 1796 487 1856 falso
519 1797 613 1856 habet.
668 1797 819 1857 Destinota
851 1798 925 1856 enirn
958 1804 1013 1866 est,

126 1897 356 1976 quomadmodum
382 1915 472 1967 nane,
506 1895 547 1955 ita
574 1894 770 1956 anniversario
797 1895 890 1954 redita
915 1901 1016 1973 postea

126 2015 237 2077 quoque
259 1997 295 2056 ad
309 1999 438 2074 stages
459 1996 842 2076 natnrmdas,=·=prcecoces
862 2014 946 2056 avar
968 2015 1016 2057 eo-

125 2099 188 2157 lora
220 2095 373 2180 tingendas
408 2102 438 2157 et
459 2101 551 2172 ptrls
578 2101 728 2160 insitivis
754 2115 834 2176 opem
860 2095 1015 2158 serendam.

126 2199 289 2278 Scriptores
314 2197 441 2258 historici
469 2218 593 2258 mensem
621 2219 679 2257 non
701 2198 930 2272 nominaverant,
958 2209 1015 2276 quo

126 2301 210 2360 stella
239 2299 342 2359 crinita
370 2305 524 2377 conspecta
550 2305 608 2371 est3
643 2297 699 2358 nisi
726 2300 802 2377 quod
823 2319 860 2357 ex
882 2298 1016 2357 Caesaris

124 2407 243 2460 mortem
270 2398 398 2478 proxime
425 2393 607 2478 sequentibus
633 2398 724 2460 fnisse
745 2400 858 2462 dicitnr.
902 2401 1013 2458 Recen-

126 2502 215 2561 tiores
236 2499 324 2558 nilrilo
345 2485 437 2559 minos
458 2500 568 2560 stellam
589 2500 619 2560 in
641 2499 732 2560 medio
759 2519 855 2560 mense
875 2499 1015 2560 ianuario

10 2599 13 2605 “
126 2600 194 2662 anni
215 2600 333 2659 mccx}
356 2599 582 2676 collocaverunt,
604 2601 734 2683 qnoniam
756 2623 818 2664 cum
840 2602 1015 2682 Capricorno

125 2723 186 2762 eam
208 2687 386 2783 conjunctam
409 2723 473 2763 ease
494 2704 636 2764 volebant.
684 2705 739 2764 Hic
766 2723 835 2766 vero
863 2705 943 2763 locus
965 2724 1012 2762 no·

124 2811 184 2864 ster
206 2804 310 2862 nullam
328 2804 412 2863 alium
424 2827 545 2870 mensem
568 2805 713 2885 permittit,
735 2813 932 2886 praeterquam
951 2805 1014 2862 Ja—
1092 2881 1094 2884 .
1195 2845 1196 2850 η

125 2907 207 2965 liam
228 2903 296 2961 anni
316 2904 438 2976 DUCX,
460 2906 506 2964 cai
527 2906 714 2980 (letavianus,
735 2905 891 2986 legalem,
914 2923 1014 2963 nomon

124 3007 177 3064 lroc
199 3025 250 3084 pro
273 3002 394 3068 Quintili
416 3005 503 3065 dedit.
547 3005 651 3080 Jnlinm
673 3025 796 3066 mensem
817 3010 930 3065 veteres
947 3024 1015 3083 quo-

125 3125 180 3184 quo
202 3104 402 3186 intelligebant
422 3105 575 3177 doctiores,
596 3125 668 3185 qaas
690 3106 792 3179 scribac,
815 3105 862 3185 qui
884 3106 1012 3167 Servium

125 3206 283 3284 excerpsit,
314 3207 350 3266 ad
377 3227 404 3268 v.
432 3215 473 3269 48
502 3208 538 3266 ob
565 3208 664 3267 oculos
690 3207 797 3280 habuit.
842 3208 878 3265 lit
900 3216 1016 3288 propter

8 3293 11 3300 ¹
124 3308 234 3366 atellam
257 3309 339 3370 istam
363 3309 492 3371 'crinitam
508 3308 537 3369 in
558 3309 678 3372 Ausonii
693 3310 768 3372 leel.
791 3316 832 3373 de
853 3327 952 3370 nerra.
977 3317 1014 3368 td

128 3408 270 3488 splendet:
