2446 3972
187 278 235 342 54
275 333 282 354 ,
434 267 587 328 nouom
606 268 653 340 vr,
674 273 825 330 ⁷4-m.
930 347 932 355 J

188 445 239 509 7³,
260 438 399 497 dracaena
420 444 482 496 erat
501 457 554 496 sex
575 436 726 516 capitibus,
757 453 831 514 quae
853 435 929 494 celso
960 454 998 494 ex
1019 455 1070 495 us-

187 545 233 598 tro
255 558 358 598 exesae
381 539 457 626 rupis
476 538 625 598 duodecim
641 539 726 618 pedes
742 537 851 616 priores
867 544 896 595 at
918 555 972 594 sex
997 537 1074 598 eolla

186 639 311 700 immanis
332 639 517 730 longitudinis
538 639 716 720 porrigeret,
748 639 850 717 quihus
876 638 983 696 belluas
1012 659 1070 698 na-
1131 683 1135 691 .

185 741 264 802 riuus
285 740 460 821 piscabatur,
494 747 523 801 ct
543 761 597 800 sex
624 740 749 800 homiues
771 739 867 818 lllyssi
889 739 971 798 simul
992 739 1072 801 mafe-

161 844 275 904 ·rohat.
323 842 502 902 Posteriores
530 850 631 921 potitae
658 842 761 902 aetatis
787 841 955 901 Pindarieae
982 840 1070 922 (Epp.

184 945 273 1023 hlyth.
295 947 318 1017 l,
340 945 394 1025 3³)
413 943 545 1023 paulatim
566 943 683 1004 sormam
702 945 763 1024 ejas
785 943 944 1014 mutabant,
967 951 997 1003 et
1019 963 1070 1024 po-

185 1053 317 1106 ahenum
338 1047 482 1126 nympham
505 1046 638 1106 marinum
659 1045 688 1105 in
709 1045 805 1104 radice
826 1045 904 1124 rupis
920 1045 1071 1123 Scyllaeae

183 1145 344 1229 lingebant,
377 1149 467 1208 cauda
493 1148 616 1227 delphini
642 1148 686 1208 vel
714 1146 798 1227 piscia
819 1147 865 1207 uel
885 1148 1006 1226 hydrae,
1040 1153 1071 1208 et

62 1299 63 1306 ,
184 1248 260 1311 ciros
287 1249 405 1331 inguina
431 1250 528 1329 phocis
554 1251 598 1310 vel
625 1249 698 1328 lupis
725 1248 918 1320 exstantibus,
950 1268 1069 1336 quorum

184 1356 213 1410 et
234 1355 376 1410 numerum
399 1360 428 1410 et
450 1351 618 1430 positionem
639 1351 674 1409 ad
700 1370 780 1409 suam
801 1351 992 1429 uniusquisque
1015 1361 1069 1411 'vo-

183 1451 317 1510 luntatein
339 1452 526 1512 inveniebant.
570 1453 656 1514 orma
678 1470 789 1529 quoque
804 1451 942 1512 variabat.
985 1451 1068 1531 Apud

182 1551 330 1610 Homerum
345 1553 503 1613 Crataeidis
525 1552 584 1612 tilia
605 1573 687 1636 quum
703 1573 767 1612 csse
788 1553 948 1636 dicaretur,
966 1575 1069 1632 paren-

182 1657 225 1710 tes
250 1653 287 1712 ah
309 1653 432 1712 Hesiodo
455 1655 644 1714 Phorbantun
672 1662 701 1713 et
720 1654 847 1714 Hecaten
874 1645 999 1734 accepit3
1030 1657 1067 1718 ab

180 1753 313 1814 Acusilao
340 1761 370 1814 et
395 1756 534 1836 plerisque
556 1757 703 1834 Phorcys,
731 1763 837 1836 patrem
860 1757 1015 1817 umorum
1037 1765 1069 1818 at

182 1857 363 1938 Gorgonum,
385 1866 415 1917 et
432 1859 558 1920 Hecaten
580 1858 939 1940 cognomineGrataeidi13
961 1879 979 1919 a
1001 1851 1066 1920 Ste-

181 1956 445 2036 elaborationum
467 1962 502 2021 uh
516 1961 595 2032 aliis,
616 1981 687 2038 quos
702 1959 841 2040 Hyginus·
855 1967 885 2020 et
900 1961 1068 2022 Eustathios
1094 1979 1098 1989 ’

180 2079 238 2118 non
259 2061 417 2133 nominant,
450 2063 619 2140 Typhonem
646 2069 677 2120 et
698 2062 862 2134 Echidnam,
896 2063 941 2122 vel
962 2063 1065 2122 Trito-

180 2180 257 2232 nem,
280 2161 340 2240 qui,
362 2163 436 2241 qood
458 2163 583 2234 videtur,
605 2181 687 2240 quum
711 2162 825 2242 primum
848 2161 944 2224 tabula
968 2165 1061 2224 trade·

178 2268 271 2335 retur,
304 2264 363 2343 jan
391 2273 447 2327 tum
473 2283 536 2326 eum
561 2263 619 2324 lilia
649 2283 701 2323 suu
729 2263 923 2325 semimarinae
952 2267 1064 2330 heduae

177 2361 301 2447 imagine
316 2365 486 2448 lingebatur,
507 2368 579 2447 Epp.
597 2366 686 2444 Myth.
708 2366 743 2439 ll,
766 2375 816 2426 23.
856 2368 958 2427 Verum
977 2369 1063 2429 etiaim

177 2466 339 2547 Megarensi
361 2471 512 2546 Scyllae,
546 2465 622 2528 Nisi
646 2468 725 2550 regis
754 2467 830 2528 filiae
855 2469 910 2529 Lh.
933 2470 961 2542 l,
989 2478 1062 2544 404,

177 2581 263 2643 quae,
297 2569 371 2644 quod
398 2569 522 2628 Minoem
550 2569 712 2642 adamabat,
748 2570 821 2648 putri
847 2590 908 2630 suo·
931 2574 1062 2652 capillum

176 2685 342 2746 purpureum
364 2668 496 2740 abscidit,
529 2678 572 2741 et,
608 2690 727 2749 poenam
752 2679 794 2758 ut
810 2672 947 2745 solverat,
981 2675 1058 2746 ciris,

175 2768 236 2827 avis
257 2769 377 2856 matina,
400 2768 476 2830 faeta
497 2777 550 2842 est,
565 2770 731 2852 Propertius
753 2780 783 2833 et
797 2773 912 2834 Ovidius
927 2781 957 2834 et
976 2795 1060 2836 enar-

109 2951 111 2958 .
174 2877 253 2932 rator
274 2872 469 2952 Lycophronis
494 2871 610 2933 sormam
641 2874 789 2936 semiferas
818 2875 892 2934 illius
920 2879 1060 2958 nymphae

175 2975 297 3034 marinae
312 2975 450 3047 tribuunt,
473 2981 503 3035 et
520 2977 618 3036 Gallos
638 2976 666 3036 in
684 2977 758 3037 Ciris
775 2997 803 3038 v.
820 2981 862 3038 54
877 2986 978 3038 auctor
1002 2977 1058 3052 est,

174 3076 319 3135 multorum
341 3086 369 3136 et
393 3078 602 3156 praeclarorum
628 3085 771 3158 politorum
795 3080 868 3139 hane
896 3081 1058 3158 opinionem

173 3174 270 3238 fuisse.
312 3179 468 3239 Enarrator
483 3179 677 3259 Lycophronis
698 3181 827 3252 tradidit,
849 3181 878 3239 in
900 3183 971 3240 mari
988 3201 1058 3264 quo·

173 3297 227 3356 que
248 3278 478 3359 pulchritudinem
494 3301 571 3341 suum
586 3282 622 3341 uh
634 3282 715 3341 initio
734 3283 900 3342 ineolumem
915 3303 1056 3356 servum

173 3387 237 3441 eta
257 3367 388 3460 Neptuno
409 3389 527 3444 unumm
549 3403 627 3455 ωας
653 3385 703 3444 sed
724 3384 845 3446 invidam
866 3384 1055 3463 Amphitriten

171 3482 287 3552 venenis
308 3482 451 3560 effecum,
472 3494 504 3546 ut
525 3492 679 3546 mutaretur
699 3494 729 3547 et
754 3506 807 3546 sex
827 3486 986 3569 singularia
1007 3507 1054 3548 aa·
