2446 3972
382 243 538 348 ncaooa
560 285 621 358 vu,
644 293 782 351 ar·ro.
983 297 1031 362 aa

171 453 248 504 Harae
265 450 331 518 sagit
349 452 474 519 Galatea3
492 453 540 507 tibi
557 450 605 504 sed
621 453 654 503 ab
672 468 785 520 aequore
802 451 859 504 risit
868 453 905 521 Ἰ,

172 537 249 589 Nune
265 537 367 590 deserta
385 539 475 604 sedet,
501 538 594 592 fluctos
612 537 707 601 oblita,
726 537 753 589 ia
772 553 861 602 mena,

172 622 283 675 Parcere
300 624 357 674 sola
374 623 454 676 boves
472 624 549 676 orbas
566 621 684 688 gaudeas
701 623 734 674 ab
752 621 846 676 antico.

139 725 220 804 Apud
241 727 326 784 aliam
347 733 476 806 potitam,
510 747 591 806 quem
614 726 755 786 Himerius
778 749 825 786 or.
850 727 876 798 l,
908 732 947 787 19
969 727 1026 788 lau·

137 826 196 899 dat,
219 836 317 906 pastor
339 829 375 887 od
398 830 544 890 Galateam
567 849 665 888 amans
686 827 779 888 canit:
808 828 1030 888 deamones

136 941 172 989 et
192 931 269 989 lae!
292 929 332 988 ita
350 931 479 989 alludens
498 932 534 989 ad
553 932 736 1010 ejasnomea.
781 930 916 1002 Nerine,
939 932 1030 992 Grae·

136 1050 215 1102 cum,
244 1031 328 1090 Nerei
355 1031 423 1092 tilia.
466 1033 598 1113 Hybla,
632 1032 775 1111 antiquam
804 1032 881 1090 urbis
904 1032 1029 1104 Siciliae,

136 1132 279 1212 Megarae
310 1153 328 1192 a
348 1133 535 1192 Dorieasilras
558 1133 674 1193 advenis
697 1133 798 1204 dictae,
821 1154 932 1203 nomen,
954 1135 1030 1211 quod

135 1231 214 1294 fama
235 1234 402 1294 seruabatur
422 1235 542 1313 Hyblaei
560 1255 597 1294 ex
616 1235 709 1312 tlrpmo
721 1237 840 1294 mellis.
885 1234 926 1292 liri
941 1235 1030 1295 Grae·

136 1353 200 1396 eum
227 1330 372 1413 thymum
400 1337 438 1408 V,
470 1345 512 1398 77
538 1336 599 1397 sive
624 1337 789 1412 Satureja
810 1317 963 1413 capitato
985 1335 1028 1398 L.

136 1436 218 1496 suavi
253 1435 401 1518 regionem¹
433 1438 568 1516 implebat
598 1440 702 1511 odore,
736 1459 817 1517 quom
845 1425 929 1501 eliam
957 1457 1031 1498 aune

138 1540 269 1600 dulcem
298 1546 407 1612 a'e'rem,
442 1545 523 1598 aria
551 1542 660 1612 dolce,
695 1540 784 1600 ltalas
811 1525 906 1602 voeat.
950 1540 1030 1600 Deae

137 1627 281 1713 marinae,
319 1649 351 1699 at
381 1658 455 1721 quaa
487 1641 594 1701 solibus
622 1642 714 1701 minus
742 1650 839 1702 essent
870 1641 1030 1721 expositae,

136 1761 208 1822 prae
229 1742 351 1802 caeteris
372 1746 538 1802 cearlidae
559 1742 808 1813 existimabantar3
831 1743 891 1812 sed,
915 1749 1030 1820 propter

136 1844 289 1904 caeruleos
317 1844 416 1902 oeulos
443 1851 473 1902 et
494 1852 607 1916 vestes,
640 1852 741 1920 postea
762 1861 873 1920 querque
895 1842 931 1899 ob
953 1842 1032 1900 eolo·

134 1964 198 2004 rem
228 1943 364 2002 marinum
392 1950 422 2002 et
448 1943 542 2024 algam
571 1942 680 2022 capillis
702 1942 913 2012 inhaerentem,
945 1961 1032 2020 saepe

136 2045 291 2107 caeruleae
313 2052 363 2104 aat
384 2044 488 2105 virides
510 2044 687 2116 nominatae,
709 2052 880 2124 postremum
902 2063 920 2102 a
941 2042 1033 2122 picto·

136 2149 220 2208 ribus
248 2154 278 2206 et
305 2147 412 2225 poetis,
446 2146 574 2228 tingendi
602 2141 709 2218 nimiis,
745 2146 773 2204 in
801 2155 864 2206 oete
891 2145 1033 2217 eoeralea,

101 2285 112 2301 .
136 2248 251 2328 capillis
275 2249 423 2319 viridibus,
446 2248 620 2308 deformatae
642 2256 709 2306 sarit
730 2248 783 2324 Ep.
805 2246 894 2323 Mytlr.
917 2247 957 2318 ll,
982 2252 1033 2310 25.

134 2352 185 2411 De
216 2348 291 2410 festa
316 2347 462 2409 hederae
488 2369 534 2408 em
560 2348 664 2406 viridi
688 2350 854 2424 pollentis
880 2329 1034 2425 pulchritu-

118 2453 207 2522 ¹(line
235 2472 264 2510 v.
293 2450 348 2520 ill,
383 2457 432 2512 39.
477 2451 534 2507 Per
556 2454 692 2508 aestatem
716 2448 802 2508 lroves
824 2447 852 2505 in
875 2446 965 2526 septis
986 2444 1034 2506 sil·

134 2551 294 2625 pestribus,
317 2559 415 2630 pastor
436 2558 528 2610 atatem
552 2550 580 2609 in
603 2569 669 2609 casa
692 2552 727 2610 ad
751 2549 948 2610 necessitatem
967 2568 1035 2609 eoa·

135 2660 253 2716 structo
279 2663 330 2712 ant
351 2652 379 2710 in
402 2661 485 2711 antro
508 2673 545 2712 ex
568 2671 637 2731 rape
660 2660 761 2713 cavato
784 2651 990 2731 pernoctabant
1011 2651 1034 2723 Ι,

136 2764 200 2819 79:
243 2774 299 2833 qao
332 2755 359 2813 ia
393 2755 465 2814 liano
498 2763 608 2813 noctem
642 2755 776 2833 Corydon
812 2754 948 2832 nymphae
981 2750 1035 2810 siai

135 2856 263 2920 amantis
285 2857 448 2915 sacietatem
471 2864 601 2935 exoptat.
645 2855 817 2915 Halnieases
838 2854 882 2912 B.
898 2853 928 2912 C
941 2872 1036 2928 repe·

135 2970 219 3021 tutat
250 2958 365 3018 habent.
421 2956 538 3014 Amator
571 2956 714 3026 modeste,
754 2953 929 3012 suavissimis
966 2971 1036 3012 nnus

135 3060 330 3140 imaginibus,
359 3057 519 3129 blanditor,
547 3075 637 3135 quire,
659 3075 731 3114 sono
753 3054 898 3133 mendisque
920 3053 1035 3114 toneia·

135 3181 214 3236 nae,
248 3161 276 3220 in
312 3159 415 3220 leniter
444 3157 548 3218 radens
575 3153 681 3216 venito
708 3163 825 3222 exeant.
869 3155 1036 3237 llajasmodi
1071 3205 1073 3210 s

135 3263 307 3345 elegantiae
334 3282 392 3322 non
420 3265 476 3320 tam
499 3266 620 3339 possunt
643 3257 808 3331 transferri,
835 3277 918 3337 qaam
938 3255 1050 3318 oniti:

136 3367 211 3436 bns,
233 3383 304 3442 qnae
325 3381 454 3442 quaeque
474 3361 593 3442 linguae
614 3359 750 3433 offerant,
770 3357 884 3422 referri.

214 3513 241 3577 ·)
276 3515 311 3564 et.
345 3542 379 3550 -
413 3541 446 3552 -
481 3539 514 3552 -
548 3512 604 3564 salo
621 3515 649 3565 tn
667 3509 767 3565 dulcior
782 3509 829 3562 itti.
