2394 3980
194 263 241 324 ll
440 253 596 320 ECLOGA
616 253 670 324 Vl,
689 257 837 314 84-66.

193 421 362 502 guadiamm
387 421 510 499 scriptor
525 422 701 491 'Romanum
729 418 855 478 meaturi
882 416 966 476 alicui
988 416 1083 476 nobili

193 523 221 583 J.
245 522 377 594 Caesari,
409 523 519 601 quoties
541 521 615 580 isin
638 527 784 599 poetarum
805 525 916 578 coetum
936 513 1081 591 veniebat,

191 643 337 702 numquam
367 625 522 704 adsurgere
548 623 672 693 solebat,
706 641 760 681 nnn
791 620 932 680 immemor
958 619 1080 699 quidem,

192 725 266 784 illius
289 723 410 795 ordinis,
432 719 482 784 red
504 725 635 803 quoniam
657 723 718 794 hic,
741 721 787 780 ubi
810 723 845 780 de
867 721 997 800 scriptis,
1020 741 1080 780 non

192 826 227 885 de
248 828 382 905 majorum
404 825 586 906 imaginibus,
609 831 750 882 certamen
773 821 864 894 esset,
892 817 1081 900 sibimetipsi

192 929 254 1008 plus
281 927 431 986 tribuebat.
475 925 595 1007 Virgilio
617 933 647 984 et
668 925 738 1004 ipsi,
767 944 849 1002 quum
872 944 908 983 ex
931 925 998 1003 ejus·
1014 944 1079 984 ver·

191 1029 268 1088 sibus
297 1028 325 1086 in
353 1028 463 1088 llreatro
490 1027 670 1098 audirentur,
702 1025 996 1104 universarpopulus
1018 1026 1078 1084 llo·

192 1150 291 1190 manus
317 1129 493 1203 adsurrexit,
519 1135 553 1188 et
576 1127 651 1188 sorte
673 1134 848 1207 praesentem
871 1127 952 1186 inter
966 1134 1093 1205 saevam,

185 1238 269 1292 'tores
304 1239 414 1312 poetam
445 1252 500 1290 non
528 1250 611 1290 secus
637 1237 721 1308 atque
747 1231 906 1311 Augustum
932 1228 1076 1288 reveritus

191 1341 244 1394 est.
287 1335 452 1392 Postremus
465 1351 571 1393 ¹versus
593 1352 610 1391 e
631 1331 790 1391 rarioribus*
807 1330 944 1409 exemplis
965 1337 1023 1400 est,
1046 1330 1077 1388 in

191 1435 292 1514 quibas
322 1454 421 1495 versas
447 1433 548 1492 incisio
577 1453 637 1492 curu
665 1433 807 1493 incisione
832 1432 990 1492 sententiae
1016 1451 1076 1490 nan

82 1588 85 1592 .
190 1534 337 1615 congrul13
371 1555 471 1593 versas
499 1533 608 1612 quidem
635 1535 670 1592 ad
692 1531 836 1606 Plrocda',
861 1533 1005 1593 sententia
1026 1533 1076 1591 de-

190 1657 261 1695 mum
275 1635 319 1720 ‘ad
340 1632 461 1694 altorem
482 1634 595 1706 residit3
619 1633 662 1708 cf.
684 1636 738 1708 lll,
769 1645 820 1696 33.
864 1635 993 1694 Eximius
1014 1634 1076 1712 qui·

190 1741 251 1798 dam
281 1739 380 1817 potita,
408 1738 488 1816 cujus
510 1736 656 1816 praeclara
676 1737 760 1796 etiam
781 1736 811 1795 i‘e
834 1737 989 1796 doctrinam
1010 1755 1074 1794 ver-

189 1861 268 1901 suum
294 1839 401 1898 vruerita
432 1858 513 1898 nemo
546 1829 775 1919 me'religiosius
802 1846 931 1909 veretur,
966 1857 1004 1896 ex
1030 1836 1074 1896 lis

189 1942 325 2021 exemplis
358 1939 483 2022 colligit,
506 1948 627 2002 ¹veteres
660 1959 758 2001 versus
791 1941 971 1998 hexametros
997 1937 1074 1998 nulle

188 2045 324 2104 incisione
351 2042 475 2102 scribere
496 2041 676 2112 sustinuisse,
704 2041 835 2103 creabis
857 2060 970 2120 qunque
991 2059 1074 2118 prae·

188 2153 298 2225 ceptam
327 2150 391 2222 post
418 2143 532 2224 longam
547 2143 606 2202 'uel
633 2143 745 2203 brevem
767 2142 910 2223 syllabam*
929 2142 958 2201 in
985 2141 1071 2200 tertio

186 2249 258 2319 ictu,
292 2253 322 2306 et
349 2251 414 2324 post
441 2246 555 2324 longam
587 2243 614 2302 in
638 2250 738 2321 quarto
760 2243 900 2303 incidendi
922 2242 1071 2324 negligere

186 2350 282 2412 licere.
326 2349 384 2407 Sed
408 2367 488 2406 nemo
511 2347 637 2406 Graecas
660 2348 839 2406 llomeuusre
860 2354 928 2405 aute
945 2343 1071 2406 ⁴norissi-

186 2473 247 2512 mos
274 2451 448 2528 Byzantinos
476 2449 548 2507 lianc
570 2448 696 2529 regulam
719 2447 864 2529 migravit,
893 2467 974 2505 nemo
996 2465 1070 2504 unus

186 2570 285 2614 versus
312 2551 491 2608 lrexemetros
512 2549 637 2626 scripsit,
666 2549 765 2626 quillus
787 2551 830 2611 vel
852 2547 1002 2610 volubilior
1023 2547 1071 2608 illa

185 2650 265 2711 mora
292 2670 357 2710 unc
379 2651 552 2708 indiuiduo
578 2649 744 2720 vocabulo,
757 2651 965 2720 retardaretur,
992 2649 1068 2728 quod

184 2769 292 2837 genum
466 2735 467 2738 ¹
920 2761 921 2766 ’

250 2871 333 2934 letzt,
359 2866 409 2920 nie
431 2864 474 2917 die
497 2865 626 2934 nogende
647 2866 769 2921 Meerllat
804 2866 810 2936 Ι
846 2869 988 2937 donnerte,
1017 2864 1069 2920 lrols

334 2951 388 3006 sich
405 2950 544 3020 Poseidon.

183 3045 260 3120 Sane
276 3077 385 3120 veroa.
416 3080 419 3085 ·

196 3152 199 3156 ¹
248 3174 331 3236 letzt,
368 3171 419 3224 nic
446 3172 491 3224 des
513 3171 659 3238 wogeudeu
680 3172 768 3226 Meers
805 3171 810 3238 Ι
845 3172 909 3224 Flut
931 3172 1067 3235 donnana,

331 3255 383 3321 hob
400 3255 455 3308 sich
473 3255 609 3309 Poseidon.

181 3361 401 3428 decreveram
422 3359 599 3430 hexameter,
620 3362 750 3438 quoniam
772 3367 836 3439 post
858 3362 972 3422 Macra
993 3360 1067 3420 leuis

183 3460 294 3539 requies
315 3468 377 3533 est,
408 3481 464 3519 non
485 3467 591 3550 tentum
614 3463 791 3536 conceditur,
819 3463 884 3534 sed,
912 3463 949 3522 oli
971 3462 1065 3543 longi·
