2394 3980
330 213 509 316 Jucnoon
530 257 580 334 vr,
607 263 750 322 ιιι-ιι.
952 266 997 328 ιι

5 465 6 472 1
119 421 192 482 Galli
219 443 261 487 ex,
280 425 404 484 carmine
429 429 584 506 repetenda
611 429 663 500 sit,
697 432 789 486 mente
811 427 892 484 nobis
913 432 998 504 poeta

118 523 297 602 adjiciendam
319 528 445 606 reliquit·
485 529 606 604 Dubito,
628 549 663 588 an
687 527 833 607 proposito
853 527 997 597 invenien-

117 624 180 683 dae·
195 627 327 708 eclogae,
355 628 383 687 in
406 648 461 706 qua
482 614 544 689 cum
567 630 778 711 praedicatione
800 628 875 688 Galli
897 635 997 707 politae

116 725 194 798 Vari,
224 729 369 798 bellatoris
397 731 544 808 Epicurei,
572 734 671 792 mades
698 731 770 791 scite
792 731 998 811 conjungeren-

4 829 5 832 ’
115 834 173 902 terr,
195 831 324 890 acutiore
345 833 462 890 consilio
484 834 615 892 satisfieri
639 835 737 914 pressit.
858 814 861 819 ³

198 939 345 993 64-66,
393 934 567 996 Corneliae
582 935 725 1006 Gallae,
736 933 927 1013 ‘praenomine
947 932 1000 992 dn·

114 1030 174 1103 bio,
221 1033 248 1091 in
284 1034 354 1092 urbe
388 1035 498 1097 Gallica
531 1038 606 1097 Foro
643 1037 711 1096 Jnlii
739 1055 814 1095 annu
843 1035 877 1094 ab
899 1035 933 1094 U.
961 1035 996 1096 G.

111 1131 354 1218 DCleXXVlll.
391 1144 477 1194 natus
515 1146 574 1210 est,
619 1147 648 1197 et
681 1159 756 1198 anno
789 1137 998 1195 DCCXXl'lll.

111 1235 358 1316 quadragesimum
379 1257 481 1297 aunum
504 1259 594 1320 agens
617 1238 695 1297 obiit.
739 1241 792 1298 llx'
806 1238 925 1319 ignobili
947 1257 998 1319 ge·

111 1356 180 1396 nere
203 1344 259 1396 tam
282 1346 389 1398 mature
411 1339 561 1417 prudentia
581 1348 610 1398 et
627 1339 793 1398 fortitudine
810 1340 893 1399 animi
911 1359 999 1398 emer-

111 1438 162 1509 sit,
184 1445 233 1512 ut,
256 1458 338 1518 quum
361 1440 494 1500 minorem
517 1445 585 1500 natu
606 1439 756 1500 Messalam
779 1437 879 1503 virt.
902 1442 999 1500 trium·

110 1535 175 1600 riri:
195 1548 367 1614 metuerant,
401 1543 491 1622 ipsum
510 1525 582 1625 'jam
612 1563 686 1610 auno
720 1543 849 1602 Dccxl.
883 1543 998 1604 Asinius

87 1640 203 1706 ,Bullia
227 1643 360 1704 Ciceroni
382 1651 521 1723 umquam
542 1644 705 1705 familiarem
728 1665 807 1704 suum
830 1645 998 1718 nominaret,

111 1751 140 1802 et
161 1747 394 1804 consuetudinem
416 1747 443 1805 ei
466 1765 528 1804 cum
551 1747 632 1804 hilari
654 1734 723 1805 sene
740 1746 887 1806 invideret.
918 1749 998 1808 Bello

83 1831 265 1906 ¹lllutinensi
299 1855 399 1905 utrurn¹
425 1847 490 1905 curn¹
517 1847 648 1906 Pollione
679 1848 720 1904 M.
747 1843 914 1918 Antonium,
952 1870 998 1922 au,

110 1949 242 2026 qnoniam
270 1948 379 2006 Rornae
406 1948 532 2018 adesset,
564 1947 695 2006 Caesaris
717 1945 865 2006 Octaviani
887 1943 1006 2027 propio?

109 2069 157 2116 res
179 2048 259 2111 vira
278 2055 414 2128 sequutus
435 2050 486 2120 sit,
515 2049 654 2108 nescimus
676 2049 801 2127 quidem,
829 2051 880 2110 sed
903 2051 999 2130 opina-

110 2168 173 2210 mur
197 2152 354 2231 posterius.
397 2153 480 2210 Anno
506 2151 663 2215 DCCXlll.
690 2171 772 2230 quum
801 2152 865 2232 agri
893 2152 999 2215 divide-

110 2261 224 2324 rcntnr,
252 2254 327 2332 quod
350 2254 467 2313 Seruius
489 2252 593 2324 refert,
621 2253 758 2312 triumviri
781 2255 915 2330 pecunias
937 2275 998 2316 enm

106 2356 255 2434 jusserunt
277 2375 295 2412 a
316 2351 474 2432 municipiis
496 2353 614 2432 exigere
633 2353 858 2431 Transpadanis,
882 2373 998 2432 qnorum

111 2457 192 2538 agris
222 2454 401 2532 parcebatur.
444 2455 508 2513 Una
535 2473 597 2516 curn
627 2453 716 2512 arnico
737 2453 836 2514 Asinio
858 2455 999 2531 Pollione,
1045 2471 1047 2478 ’

110 2555 275 2616 Antoniano
307 2555 455 2636 praesecto
485 2557 571 2638 hujus¹
594 2555 737 2638 regionis,
774 2563 804 2614 et
832 2557 866 2616 L.
894 2557 998 2621 Alfeno

111 2659 205 2730 Varo,
240 2657 294 2724 cui¹
312 2679 330 2716 a
357 2659 481 2720 Caesone
508 2659 571 2740 agri
600 2659 636 2718 ad
658 2659 834 2719 diuidendum
856 2661 999 2724 commissi
1035 2648 1037 2654 ⁵

112 2767 211 2831 erant,
244 2760 345 2839 cuique
371 2768 400 2820 et
426 2763 480 2840 ipsi
506 2763 623 2837 Gallus,
656 2780 738 2839 quum
762 2761 848 2820 tantis
870 2762 998 2824 laudibus

112 2863 140 2920 in
164 2861 288 2922 carmine
309 2863 345 2921 ad
366 2863 434 2925 Vari
456 2865 588 2922 bonorem
611 2862 753 2920 destinato
775 2864 931 2921 cumulatus
952 2865 999 2938 sit,

112 2964 266 3037 interiore,
305 2983 386 3042 quarn
418 2965 557 3034 moneris,
595 2962 804 3022 necessitudine
831 2965 1040 3043 conjunctus-t

114 3085 178 3126 ease
205 3058 342 3136 debebat,
370 3084 444 3124 nunc
466 3066 591 3142 quidem,
618 3063 693 3140 quod
714 3063 845 3146 Donatus
866 3064 998 3144 affirmat,
1049 3046 1057 3106 ᾖ

114 3169 150 3227 ad
169 3167 352 3249 virgilianum
370 3166 513 3245 praedium
535 3164 854 3227 seruandumconserre
876 3175 997 3247 poterat.
1120 3214 1123 3217 .

115 3269 290 3336 iuvenilibus
327 3268 490 3347 quibusdam
530 3253 698 3328 carminibus
735 3268 810 3328 vires
839 3271 998 3348 'experiens

75 3423 77 3428 ,
115 3370 197 3432 circa'
209 3371 353 3432 Heliconis
375 3371 497 3430 radicem
518 3370 643 3430 modeste
663 3372 754 3432 adlruo
770 3379 923 3442 erraverat,
946 3392 997 3433 nu-

116 3491 167 3549 per
192 3491 262 3534 vero
289 3473 478 3553 Euphorionis
506 3473 541 3533 de
569 3492 682 3534 nemore
712 3475 842 3551 Gryneo,
873 3473 997 3551 Apollini
