2392 3986
361 221 515 300 seneen
537 243 584 300 u.
610 253 754 304 11-17.
942 255 1007 314 ror

114 406 216 484 uliquis
234 405 372 484 Apollinis
390 409 555 479 averrunci,
577 409 683 469 labanti
705 411 820 488 imperio
844 412 1005 472 beatitatem

113 505 250 579 Saturni,
279 507 442 568 servitutem
468 528 527 566 non
548 511 683 580 amantis,
717 509 829 570 referre·
846 512 1007 574 videbatur..

120 607 272 684 Veuagra
301 608 406 693 veteris
433 616 463 668 et
489 610 517 668 in
548 610 608 668 dies
640 608 823 691 augescentis
857 614 1015 685 scelerae,

112 707 188 766 forte
211 707 340 778 residua,
363 729 434 787 quae
456 711 598 788 imperium
612 713 768 770 Romanum
792 710 934 792 (terrac,
959 733 1027 782 orm,

113 809 174 867 bem
198 815 335 867 terrarum
357 831 383 870 v.
411 807 462 889 17)
482 825 650 888 perpauca
663 816 850 886 formidine
866 815 926 873 irae
939 829 1005 872 eoe-

112 910 193 968 lestis
216 911 393 988 premebant,
421 905 535 988 praeter
562 914 658 971 turbas
686 915 721 973 dc
744 916 823 995 agris
846 915 1005 976 dividundis

113 1011 196 1068 modo
225 1011 353 1081 sedatus,
384 1013 483 1089 quibus
510 1013 570 1090 ipse
599 1014 738 1092 Virgilius
760 1016 901 1091 praedium
923 1037 1004 1075 suum
1053 1038 1060 1050 ’

113 1112 263 1182 amiserat,
285 1111 414 1170 facinora
436 1112 519 1170 Sexti
541 1113 669 1192 Pompeji
691 1114 825 1191 imprimis
843 1125 924 1187 sunt,
946 1118 1004 1194 qui,
1085 1101 1090 1109 Χ

112 1212 240 1290 quamvis
270 1212 395 1270 Antonio
423 1212 558 1271 auxilium
581 1214 693 1272 tulisset
714 1222 744 1272 et
765 1214 920 1276 Octaviano
942 1215 1005 1274 affi-

113 1313 158 1371 nis
180 1319 272 1385 esset,
295 1312 371 1390 pacis
390 1313 578 1372 Brundisinae
590 1333 709 1392 expers,
732 1335 808 1375 mare
824 1317 1004 1393 'Pyrrbenum

113 1413 233 1472 navibus
254 1413 313 1470 suis
335 1412 466 1472 infestum
489 1416 624 1488 reddidit,
648 1423 678 1474 et
698 1415 773 1475 fame
793 1417 932 1476 laboranti
948 1419 1004 1476 lta·

112 1515 168 1572 liae
199 1520 368 1572 commeatus
396 1514 561 1575 interclusit.
605 1519 664 1575 Has
691 1517 803 1598 quoque
830 1519 1007 1578 miseriarum.

113 1615 260 1693 reliquias,
289 1621 318 1674 et
345 1615 479 1674 credibile
509 1624 571 1692 erat
607 1625 639 1676 et
670 1620 837 1696 sperabant,
874 1619 1023 1676 Pollione

112 1716 205 1773 adbuc
232 1715 347 1774 consule
370 1716 491 1774 deletum
513 1718 563 1775 iri:
598 1738 762 1796 quamquam
784 1718 913 1797 proxime
935 1703 1002 1780 vere

97 1815 249 1872 'tumultus
271 1816 379 1873 demum
407 1819 515 1876 Romae
537 1825 656 1876 exortus
685 1819 864 1879 Triumviros
892 1820 928 1877 ad
954 1841 1003 1897 pa-

113 1915 236 1974 ctionem
263 1916 451 1975 lllisenensem
471 1919 582 1997 coligit,
607 1925 753 1994 postquam
775 1919 867 1975 Pollio
889 1919 941 1976 sub
962 1919 1003 1996 ip·

113 2036 173 2073 sum
195 2014 279 2074 linem
301 2017 383 2096 liujus
406 2017 482 2092 anni
496 2018 644 2076 consulatu
666 2038 698 2076 se
720 2018 909 2078 abdicaverat.

241 2119 317 2175 lntor
342 2119 402 2176 bos
440 2120 581 2190 homines,
625 2119 758 2197 paulatim
785 2139 803 2178 a
834 2121 956 2179 scelere.
974 2126 1004 2176 et

112 2218 175 2274 diro
209 2218 323 2275 numine
354 2218 520 2287 liberatos,¹
540 2220 576 2275 ad
612 2227 721 2294 partum
743 2220 851 2278 vicinus
873 2223 950 2290 ille,
975 2219 1004 2276 id

112 2324 158 2376 est
178 2317 352 2376 Polliones
366 2318 486 2386 filius,
499 2301 501 2306 ¹
516 2316 669 2372 Saturniae
696 2316 839 2376 beatitatis
866 2318 1004 2375 cumulum

110 2417 232 2486 videbit3
256 2422 285 2471 et
305 2415 417 2472 lleror
438 2412 530 2472 sactus
553 2414 699 2472 Semidens
721 2434 782 2473 cum
804 2415 867 2473 aliis
882 2415 1029 2486 Herod,

110 2519 191 2584 bur,
216 2515 366 2571 Deorum
377 2513 451 2571 inter
472 2513 635 2572 familiarem
658 2517 860 2594 praesentiam,
883 2535 1004 2574 sumnus

111 2617 149 2676 ad
171 2614 261 2694 patris
283 2615 437 2695 exenrplum
459 2623 577 2692 pacatae
598 2616 767 2694 reipublicae
789 2617 912 2676 bonores
934 2637 1003 2675 nan·

112 2717 244 2776 ciscetur.
268 2715 451 2774 ‘Divinum
478 2717 598 2805 aliquam
634 2723 737 2776 uitam
762 2737 868 2778 aureae
900 2719 1003 2777 aetatis

114 2817 254 2876 llesiodus
276 2835 387 2892 quoque
409 2838 431 2874 s.
455 2839 481 2876 κ.
504 2840 533 2894 η.
560 2826 618 2877 112
642 2818 757 2876 cecinit:

84 2930 87 2939 ·
181 2914 287 2966 Securis
305 2913 397 2964 animis
414 2913 480 2964 vitas
498 2914 611 2965 habuere
628 2914 745 2976 deorum,

181 2999 266 3066 Atque
284 2997 359 3047 labor
376 2999 465 3062 procul
483 3001 560 3061 atque
578 3012 730 3056 aerumnam
749 2998 819 3047 nulla
836 2998 954 3050 senectus

184 3081 331 3147 Obrepebat
351 3079 432 3141 iners3
451 3078 569 3130 manibus
586 3077 684 3144 puriter
700 3077 859 3146 pedibusque

183 3163 280 3228 integri
297 3162 431 3214 instituere
449 3163 542 3229 dapes3
563 3161 714 3229 damnisque
732 3167 858 3229 carentes,
969 3231 972 3240 .

185 3247 218 3298 Et
235 3246 358 3311 gregibus
376 3246 457 3310 dites,
477 3245 542 3298 diris
560 3245 665 3314 carique
681 3245 763 3298 beatis

185 3330 302 3381 Tandem
320 3328 409 3381 obiere
426 3329 509 3392 diem,
528 3345 620 3382 somno
637 3335 666 3380 nt
682 3328 753 3382 victi.

119 3418 189 3474 Cum
211 3416 253 3475 bis
281 3413 438 3474 bominibus
465 3423 521 3475 tam
550 3416 749 3477 innocentibus
773 3417 823 3476 dte·
844 3421 1007 3492 praesentes
