2392 3986
353 243 507 334 uoooas
530 247 577 308 ru.
602 257 747 311 11—17.
942 261 1010 326 ran

115 406 180 470 fieri
202 408 349 470 dicebatur
369 431 476 493 magno
489 413 737 476 aunoStnicnrum
757 417 907 477 mundano.
949 420 1008 480 Sed

115 516 180 568 utut
200 509 283 591 Magi
301 530 366 588 ¹carm
388 512 495 571 Stoicis
516 515 560 574 vel
578 495 823 576 consentiant'vel
844 517 879 575 ab
901 518 936 576 iis
951 520 1007 580 dis-

116 611 257 672 sentiant:
280 618 424 671 extremus
447 633 538 671 annus
560 613 685 692 Sibyllae
707 616 864 675 mundanus
886 619 936 677 sub
953 621 1006 678 So-

115 713 150 770 lis
171 711 217 772 vel
238 705 378 790 Apollinis
400 721 463 772 erat
483 714 614 793 imperio,
646 723 676 774 et
697 717 800 775 licebat
821 717 941 798 Virgilio
963 719 1005 776 iu-

116 819 292 872 constantem
318 810 469 894 imaginem
495 833 563 888 suns
590 815 628 874 ad
653 835 721 874 usus
743 816 885 878 adbibere.
922 819 1007 878 llaec

116 912 178 993 ejus
201 919 246 972 est
267 915 418 974 sententia.
460 913 601 992 Apollo,
628 917 761 994 pharetra
782 925 812 976 et
832 919 894 996 lyra
915 919 1005 1000 iusig-

115 1015 178 1086 nis,
200 1014 250 1072 illa
266 1020 298 1071 ut
317 1013 577 1085 malumdafendat,
600 1010 789 1088 ἀλιξικακος,
811 1020 921 1097 qualem
943 1039 1006 1078 earn

115 1115 251 1174 Horatius
273 1115 285 1172 l
307 1115 360 1172 od.
385 1123 423 1176 21
442 1115 539 1194 populi
556 1115 678 1174 Romani
698 1116 812 1176 invocat
832 1114 931 1192 saluti,
953 1123 1005 1179 bac

115 1223 148 1274 ut
168 1215 300 1274 sublimes
328 1215 447 1275 virtutes
469 1222 569 1286 canat,
598 1229 723 1294 regnat
742 1237 845 1289 ncnc,
874 1220 1004 1276 mundun

115 1317 152 1375 ad
179 1316 319 1374 instantes
346 1315 497 1375 felicitates
525 1323 558 1374 ut
579 1317 690 1395 expiet:
706 1319 750 1375 set
771 1318 839 1375 illud
861 1319 1005 1398 imperium

115 1438 166 1496 per
187 1417 362 1474 sacerdotem
390 1436 487 1488 suum,
514 1416 671 1476 Asinium
696 1419 882 1478 Pollionem
903 1439 1004 1480 consu·

113 1519 185 1588 lem,
207 1523 337 1587 exercet,
366 1517 445 1595 cujus
472 1517 500 1574 in
529 1517 627 1576 laudes
649 1519 759 1599 Ecloga
780 1519 889 1578 dicitur.
932 1521 1004 1578 Nam

113 1617 208 1676 Pollio
229 1637 299 1696 paca
327 1637 382 1677 non
408 1624 517 1675 tantum
543 1618 580 1676 ad
601 1617 780 1678 Brundisium
802 1619 879 1679 facta
900 1627 1004 1680 taeter-

113 1718 177 1778 rimi
202 1718 267 1776 belli
299 1739 316 1776 a
344 1718 479 1776 Romanis
506 1712 663 1777 bominibus
692 1727 799 1798 pestem
829 1721 945 1791 avertit,
974 1726 1004 1779 et

113 1819 198 1877 etiarn
220 1838 294 1877 nuuc
314 1817 492 1876 ulciscendae
513 1818 609 1898 pergit
629 1839 657 1878 v.
681 1826 720 1878 14
737 1819 888 1896 impietatis
909 1816 1003 1878 delere

113 1919 252 1999 vestigia3
274 1918 325 1978 sed
347 1919 431 1976 docet
451 1918 536 1976 etiam
548 1936 640 1996 genus
658 1917 774 1975 heroum
786 1919 881 1976 oriens
903 1939 928 1980 v.
953 1924 1002 1992 15,

113 2021 193 2100 cujus
214 2019 354 2099 primitiae
375 2019 462 2098 ipsius
484 2017 559 2077 filius
581 2017 650 2090 erit,
680 2017 788 2078 divinas
810 2019 1003 2078 bardanwic-
1113 2049 1120 2060 =

113 2127 206 2192 tutes,
222 2111 376 2180 'mentibus
404 2127 525 2198 poeseos
556 2126 586 2178 at
617 2119 810 2198 philosophiae
838 2121 875 2178 ad
903 2119 1002 2178 studio

113 2214 247 2282 excitatis
267 2242 294 2282 v.
317 2227 368 2282 26.
416 2221 496 2278 Gens
521 2218 698 2289 Polliooum,
729 2221 803 2296 quod
831 2220 1003 2296 Pomponius
1059 2222 1061 2225 ’

83 2360 87 2373 ·
112 2321 280 2390 arbitratur,
303 2338 369 2376 num
390 2317 426 2375 ab
444 2317 575 2395 Apolline
596 2317 680 2374 etiam
702 2306 791 2374 ortam
813 2336 845 2374 se
872 2336 936 2374 esse
957 2319 1002 2396 ja-

113 2421 249 2490 ctaverit,
272 2418 301 2475 id
322 2417 436 2474 missum
458 2413 603 2474 faciamus.
648 2417 799 2474 Caesarem
820 2415 1002 2475 Octavianum

111 2520 240 2599 quidem,
269 2515 326 2594 qui.
347 2523 440 2574 tamen
468 2514 562 2575 Dione
582 2516 664 2574 XLV
685 2536 710 2576 c.
734 2524 750 2576 1
775 2523 863 2586 teste,
886 2536 903 2575 a
924 2516 1001 2574 Julin

111 2623 240 2680 Caesare
272 2617 334 2698 ipso
368 2615 441 2676 filius
472 2616 611 2695 Apollinis
639 2617 867 2688 existimabatur,
900 2617 1002 2695 quique

113 2726 179 2799 post
206 2719 258 2778 sibi
291 2719 443 2797 impensius
469 2720 542 2778 hanc
574 2719 810 2798 propinquitatem
843 2715 1001 2798 flagitabat,

114 2821 141 2880 in
169 2821 217 2880 illo
244 2839 338 2878 rerum
367 2826 444 2878 statu
471 2839 529 2877 non
560 2819 652 2898 magis
683 2819 819 2900 Virgilius
836 2818 1001 2897 intelligere

115 2922 224 2999 potuit,
246 2939 327 2998 quam
350 2915 530 2980 servatorem
553 2927 694 2988 nostrum,
722 2937 804 2996 quem
825 2905 874 2973 bid
891 2935 1002 2994 quoque

115 3027 324 3098 corrumpentes
343 3018 509 3076 obtrudunt:
534 3029 599 3088 aut,
623 3016 697 3094 quod
719 3016 872 3094 desperans
894 3016 1002 3074 demum
1068 3037 1075 3048 ¹

116 3121 215 3198 aliquis
237 3119 363 3198 arripere
390 3116 498 3198 potuit,
527 3116 610 3174 istum
631 3114 721 3194 ipsum
742 3135 857 3196 puerum
879 3119 1001 3176 nondum

47 3249 52 3254 ·
117 3227 199 3296 portu
219 3219 333 3278 editum.
683 3283 685 3286 Ι

22 3307 24 3310 ’
202 3324 348 3385 11-117.
391 3319 454 3390 Te,
483 3317 563 3396 cujus
594 3336 647 3395 ope
679 3317 780 3396 Apollo
812 3319 889 3397 jam,
924 3318 1003 3377 Deus

119 3439 322 3490 averruncaus,
349 3418 514 3497 promissum
537 3417 680 3496 imperium
702 3427 834 3488 exercet,
872 3415 919 3475 Te
941 3417 1002 3494 ipso
