2424 3994
190 339 235 402 ρο
430 268 599 374 ’ἙοιορΑ
621 298 651 366 1.·
669 345 671 348 -
689 263 833 364 ar—ae.

192 495 315 576 serape,
337 489 411 548 unae
433 463 487 564 lut
502 479 589 540 linteo
613 468 839 552 excipiantur,
862 456 1085 522 nannenus

190 601 295 679 juvene
316 593 415 652 canum
436 585 569 660 Tityrum
591 594 671 664 esse,
704 565 885 650 cogitandum
907 569 952 622 est
973 565 1083 638 epigr.
1136 621 1137 624 Ἴ

79 720 96 734 ··
194 698 245 768 xl,
269 703 324 757 39:

203 797 210 803 ’
296 809 354 860 lam
370 801 432 858 milri
448 799 599 864 nigrescunt
616 799 691 848 tensa
707 784 810 839 sudaria
826 783 916 845 barbe,

347 889 382 940 ut
399 883 515 954 queritur
531 877 611 935 labris
626 876 723 943 puncta
736 869 824 938 puella
840 863 913 916 meis.

83 1038 87 1046 ·
203 961 352 1057 Tondele
380 988 482 1052 (licitur
503 973 606 1060 etqui
627 978 689 1058 ipse
717 993 748 1033 se
776 969 890 1038 tundet,
923 971 953 1057 et
980 961 1028 1054 qui
1053 956 1088 1019 ab

198 1097 260 1158 aliis
281 1115 313 1156 se
341 1086 512 1171 tundendum
533 1086 628 1140 curat:
662 1083 694 1137 ut
716 1077 849 1141 lauare,
879 1085 952 1145 aqua
973 1081 1004 1130 se
1025 1081 1089 1140 per·

199 1197 317 1257 fundere
328 1192 383 1251 Lu.
394 1188 442 1259 lll,
465 1192 537 1248 312.
580 1176 710 1238 Divertia
731 1181 789 1232 tum
810 1167 943 1248 temperis
965 1181 1026 1223 cum
1047 1161 1099 1242 in-¹

200 1306 245 1356 ter
261 1279 369 1353 liberos
391 1288 529 1366 conjuges
550 1279 628 1340 facili
648 1273 766 1356 megetia
789 1269 909 1352 fiebant3
941 1273 999 1324 tum
1021 1261 1091 1320 faei-

201 1397 266 1456 lieri
287 1394 370 1453 etiam
392 1404 536 1449 servorum
559 1375 742 1440 contubernia
763 1370 978 1437 dirimebantur,
1009 1381 1091 1442 quarn

202 1498 319 1556 adrem
349 1488 433 1549 nihilo
456 1484 517 1544 fere
544 1480 599 1540 nisi
626 1476 731 1536 demini
757 1460 897 1534 censensu
924 1485 994 1545 opus
1020 1466 1091 1520 erut.

202 1595 329 1654 Villicam
356 1590 417 1651 vult
438 1583 591 1644 Columella
619 1576 703 1658 (Xll,
727 1573 759 1656 1)
787 1551 941 1640 idoneam,
962 1567 1094 1646 juvenem

204 1685 280 1765 esse,
299 1693 414 1770 integra
434 1682 603 1753 valetudiue,
624 1700 678 1739 nee
694 1677 779 1748 foeda
800 1672 905 1742 habitu,
927 1686 979 1726 nec
1000 1661 1096 1744 specie

205 1797 246 1854 ita
267 1789 493 1872 pulcherrimam,
515 1792 547 1843 ut
569 1780 739 1841 desidiosum
759 1774 847 1834 faciat
868 1765 1097 1831 contubernalem

205 1914 300 1955 suum:
324 1913 341 1951 a
361 1891 442 1960 vinc,
465 1888 501 1947 ab
523 1885 611 1956 escis,
634 1903 651 1942 a
672 1873 926 1960 superstitionibus,
949 1887 966 1928 a
987 1883 1097 1934 sumne,

206 1995 302 2078 aviris
324 1999 467 2059 remotam,
490 1987 663 2067 diligentem,
685 1997 797 2059 parcam
815 1982 844 2034 et
865 1972 1014 2032 assiduam.
1042 1965 1098 2024 Ti-

207 2087 299 2174 rymlr
319 2099 438 2171 utraque
459 2089 585 2167 quidem,
608 2101 689 2162 quam
711 2076 839 2136 daminus
862 2071 888 2130 ei
910 2067 1098 2129 contuberna-

207 2197 261 2256 lem
283 2193 413 2263 dederat,
441 2177 578 2267 capturi
595 2159 738 2242 'habebat
755 2177 919 2243 venustate3
947 2165 1025 2246 frugi
1047 2155 1099 2224 rau-¹

207 2286 270 2356 tem'
284 2293 340 2352 fuit
357 2273 472 2352 'tantum
500 2291 598 2349 altera.
642 2279 779 2338 Galatcae
807 2272 880 2332 euim
908 2268 1099 2338 securitatem,

209 2395 283 2477 quae
302 2393 449 2474 diligentia
470 2391 612 2464 acceptam
633 2397 702 2440 rem
720 2377 948 2451 familiarem,
983 2369 1099 2428 liberta-

209 2504 265 2556 tem
286 2501 319 2553 ut
340 2501 438 2573 optare
451 2485 569 2552 licuerit,
592 2499 701 2560 augere
722 2468 901 2556 neglexerat,
922 2471 1024 2533 vitiiet
1044 2468 1100 2526 sibi

132 2614 138 2636 ³
210 2597 271 2675 ipse
291 2595 398 2654 fatetur
418 2587 505 2646 fluisse
517 2581 689 2660 principium.
733 2574 915 2642 Peculium,
937 2589 1024 2649 parua
1041 2588 1098 2638 res,

211 2715 291 2775 quam
313 2691 402 2752 servis
417 2684 543 2744 daminus
554 2681 634 2740 Varr.
647 2681 669 2750 l,
684 2685 712 2748 2,
727 2685 776 2746 17,
798 2680 880 2753 pater
900 2671 997 2730 liberis
1008 2668 1099 2739 daret,

122 2817 126 2832 “
211 2804 243 2855 ut
266 2779 323 2854 sibi
348 2807 409 2848 eam
435 2784 586 2842 haberent:
624 2777 779 2860 eujusmodi
812 2794 880 2835 eves
906 2773 1100 2851 peculiares

210 2897 329 2983 Plautus
349 2887 445 2947 Astra.
466 2882 520 2953 lll,
545 2891 572 2952 1,
597 2890 646 2952 37,
668 2881 759 2938 Varro
780 2877 817 2935 L.
838 2875 874 2934 L.
897 2881 927 2945 4,
952 2880 990 2934 19
1012 2892 1039 2949 p.
1059 2877 1100 2932 28

211 2997 257 3056 ecl.
272 2991 334 3067 Bip.
354 2987 583 3064 peculatorem
606 2983 689 3053 dicit,
711 2987 768 3038 tum
786 2975 919 3057 pecunia,
941 2970 1100 3051 quaminde

212 3090 311 3170 aliquis
333 3084 489 3166 collegerit.
533 3084 629 3149 Quare
643 3079 803 3140 contemtim
824 3075 924 3134 sollers
938 3057 1102 3151 acquirendi

212 3191 347 3259 studium,
379 3185 453 3265 quod
474 3183 549 3242 amni
572 3203 624 3241 nes
644 3180 816 3240 humanitate
838 3181 939 3245 exuat,
970 3191 1101 3248 aerugo

213 3293 314 3352 dicitur
335 3290 370 3348 ab
380 3285 498 3346 lluratic
515 3283 557 3344 A.
569 3284 608 3342 P.
634 3291 695 3343 330
713 3288 742 3339 et
762 3295 847 3336 curu
857 3276 982 3349 peculi,
1007 3272 1034 3330 id
1057 3279 1103 3330 cst

212 3392 302 3452 tristis
323 3389 502 3468 pecuniarum
523 3382 706 3462 conquisitio,
729 3398 800 3459 quae
823 3374 959 3455 aerugine
981 3372 1104 3432 obducat

213 3496 335 3566 animus3
357 3490 429 3569 quud
451 3506 532 3565 quam
548 3503 644 3564 parum
662 3481 744 3560 juvet
760 3476 893 3558 juvenilis
917 3473 1109 3532 institutionis·
