2394 3980
277 243 281 258 .
371 204 591 272 anneot-vr.
618 196 816 286 ιιι-4η,
963 219 1008 284 ue

130 372 205 432 nuni
226 374 354 449 officina,
376 385 439 447 aut,
452 380 487 438 de
509 377 584 464 Solis
606 397 690 437 cumn
710 377 806 438 furtim
827 377 954 454 abstulit,
976 386 1007 440 ct

132 473 169 532 ad
189 484 294 536 amatos
316 497 383 539 auos
405 480 572 560 deportavit.
616 480 698 544 Quod
720 479 755 538 ad
776 479 904 539 delictum
922 481 1005 542 ulcin-

130 576 243 636 oeudum
272 579 385 658 Jupiter
412 600 474 639 cum
500 583 528 638 in
550 567 742 660 rnpffimontin
765 581 924 652 Caucasi,
954 583 1005 642 sub

128 683 283 738 extremum
311 681 487 741 Occidentem
509 683 616 760 antiqui
638 682 714 742 orbis
735 689 872 742 terrarum
894 684 1005 754 Gracci,

126 780 273 864 revinciri,
297 788 326 841 et
346 783 381 842 ab
403 788 522 864 aquila
538 786 621 865 jecur
641 784 765 863 quotidie
786 785 1006 865 redintegratum

129 879 277 942 dilacerari
300 883 395 963 jussit.
438 886 521 944 Dono
549 905 622 966 geos
649 905 738 945 aenea
764 886 846 964 piane
873 891 1006 964 corrupta

127 988 185 1056 eat,
216 985 401 1063 quae,1omoi
423 987 542 1064 expulsa
557 986 683 1066 Juntitia,
705 985 798 1045 fructu
819 987 928 1066 agresti
949 1005 1005 1044 non

126 1085 246 1162 amplius
267 1085 446 1157 vescebatur,
474 1094 582 1145 taurum
604 1094 742 1146 aratorem
764 1067 907 1157 caedebat,
928 1105 1006 1146 arma

125 1191 155 1242 et
178 1185 276 1244 domos
298 1207 334 1244 cx
356 1205 422 1246 aere
444 1189 584 1259 struebat,
607 1195 636 1246 et
656 1188 755 1248 bellom
777 1194 883 1246 tantum
903 1194 933 1246 et
952 1187 1007 1247 vim

124 1286 295 1346 moliebatur
323 1288 377 1347 Lb.
405 1290 447 1360 11,
475 1297 550 1362 5363
582 1289 672 1349 donec
698 1295 866 1368 postremum
892 1305 1007 1348 aeneam

124 1395 240 1468 gentem
262 1388 395 1449 notariam
419 1389 561 1469 (Apoitod.
583 1393 611 1463 l,
643 1397 681 1462 7,
713 1401 742 1452 3.
769 1389 863 1450 Schoi.
886 1387 950 1448 viu.
973 1389 1007 1448 11.

125 1488 152 1560 Ι,
183 1489 269 1569 126.)
298 1492 429 1553 eluvione
456 1492 590 1570 perdendi
616 1491 728 1571 Jupiter
753 1491 829 1571 cepit
849 1491 1006 1550 conuitium.

125 1589 288 1652 Promethei
314 1593 430 1652 consilio
456 1594 501 1652 uni
521 1593 595 1653 filius
617 1595 692 1674 ejus,
718 1593 848 1672 princeps
868 1591 1006 1651 Pbtbioti-

123 1709 173 1751 cua
200 1689 404 1767 Deucalion,
435 1696 555 1775 atejus
580 1715 653 1754 uxor
674 1693 823 1774 Pyrrha,
850 1692 1007 1772 Epimctbei

124 1798 154 1851 et
176 1795 329 1854 Pandorae
348 1795 416 1866 filia,
439 1795 467 1854 in
490 1815 556 1855 arca
576 1796 711 1876 fugerunt
732 1803 762 1855 et
782 1795 818 1855 ad
835 1795 1007 1854 Parnassum

123 1895 235 1973 appulsi
257 1902 331 1954 nunt.
375 1895 503 1973 Jupiter,
530 1903 563 1954 ut
583 1915 637 1974 ope
659 1915 753 1954 eornm
774 1893 915 1953 meliorem
936 1913 1008 1974 gen·

123 2000 180 2054 tem
209 1995 356 2055 humanam
383 1996 561 2068 restitueret,
591 1996 704 2056 oraculo
731 1995 765 2054 iia
792 1994 948 2073 praecepit,
976 1995 1009 2054 ut

5 2151 6 2184 1
123 2097 258 2170 lapidee
291 2117 376 2176 snpra
402 2105 487 2176 caput
502 2100 638 2179 ¹jacerent
663 2099 717 2158 Lb.
744 2097 772 2171 1,
803 2103 853 2158 62.
895 2096 964 2154 lide
990 2113 1008 2153 a

5 2185 7 2246 i
123 2197 299 2258 Deucalione
315 2200 387 2279 jacti
407 2199 514 2258 fiebant
534 2201 595 2274 viri,
618 2200 762 2276 aPyrrba
775 2197 911 2258 feminae:
934 2214 1008 2277 geno

123 2299 341 2378 quidem-etiam
364 2306 421 2356 tum
443 2300 522 2369 dura,
544 2301 594 2358 sed
611 2300 716 2380 justior
733 2305 762 2356 ct
779 2297 876 2357 metior
893 2299 1009 2354 bereum

124 2408 156 2460 et
182 2399 352 2469 semideum,
379 2400 426 2476 qni
453 2401 488 2459 ad
510 2401 626 2458 Thebae
648 2405 677 2458 et
698 2399 734 2458 ad
754 2399 874 2478 Trojam
896 2395 1008 2456 fortiter

123 2498 211 2561 factis
232 2501 351 2580 gloriam
374 2500 468 2579 adepti
489 2509 569 2573 aunt,
597 2507 626 2559 et
647 2506 848 2579 postmortem
869 2500 1008 2558 Fortuna·
1064 2517 1066 2522 ’

124 2609 219 2686 torum
247 2601 354 2660 insulan
382 2603 433 2660 sub
460 2623 531 2683 rege
558 2597 695 2662 Saturno
709 2602 737 2661 in
766 2603 880 2660 Oceano
908 2607 1006 2660 tenue·

123 2708 201 2760 runt.
244 2702 338 2761 Minus
365 2703 432 2762 trita
457 2703 553 2765 fabula
581 2712 641 2778 eat,
675 2723 757 2783 quam
786 2703 1032 2783 Etymoiogicum·

126 2795 265 2884 (tntum)
289 2804 391 2863 tradit:
415 2814 479 2884 post
498 2807 588 2865 undas
605 2806 921 2865 Deucalioneasiovem
937 2803 1009 2862 Pro·
1137 2819 1140 2822 ·

125 2904 236 2963 methea
264 2911 294 2963 ct
318 2906 463 2966 Minervae
490 2907 656 2986 imperasse,
684 2913 716 2964 ut
736 2905 885 2963 simulacra
905 2922 923 2961 e
941 2903 1007 2961 limo

92 3015 99 3022 '
126 3003 284 3085 tingerent,
313 3011 344 3064 et
368 3007 475 3078 ventis,
502 3014 534 3065 ut
560 3008 596 3066 ad
623 3027 658 3066 ea
678 3006 818 3084 spirarent
840 3011 869 3063 et
890 3023 924 3064 ea
944 3002 1009 3064 viva

128 3104 264 3167 facerent.
296 3106 350 3166 ab
381 3107 438 3166 iiiia
469 3108 559 3167 attero
586 3107 650 3166 loeo
677 3106 780 3165 creatis
806 3091 900 3165 ferrea
925 3125 1008 3186 gene,

128 3226 200 3285 qnae
220 3209 312 3269 adhnc
333 3215 392 3280 ent,
420 3215 511 3268 ortum
531 3208 630 3278 babet,
652 3227 724 3286 quae
745 3207 866 3289 singulis
886 3225 1009 3288 genera·

129 3307 252 3370 tionibus
284 3309 364 3390 pejor
395 3307 443 3382 fit,
475 3316 504 3372 et
529 3309 692 3389 aliquando,
723 3329 827 3368 numme
853 3307 1008 3387 inquinata,

131 3427 235 3471 aureae
261 3411 348 3472 aetati
374 3412 503 3472 redeunti
530 3411 612 3498 ceiet
637 3412 694 3482 lv,
724 3417 827 3472 4-7.
872 3409 932 3468 um
951 3427 1008 3478 rea,
