2446 3972
225 245 293 317 {50
463 241 619 302 ECLOGA
640 239 714 310 vlu,
738 241 873 300 oo--oo

227 433 283 494 gos
305 419 335 470 et
356 415 457 470 nactos
479 408 625 469 officiosos
647 407 815 486 impetravit,
837 414 868 464 ct
890 406 980 466 amico
1001 427 1064 466 cum
1077 393 1122 489 ju·

227 512 314 576 venlli
340 512 433 571 sdlrnc
460 510 538 570 socia
565 509 674 570 artifice
696 530 746 569 cos
768 507 992 582 communicavit.
1036 511 1123 570 Pcre-
1204 509 1206 576 ἶ

227 615 367 696 grinitate
394 611 490 672 letifer
516 633 628 691 quoqne
655 611 897 692 pharmaceutrisc
919 612 1076 672 Theocriti
1095 634 1121 675 v.

231 723 289 778 rot
313 733 415 776 succus
437 716 661 774 commendatur:
799 719 803 726 ’

295 833 351 885 'l'ot
366 831 435 884 mals
451 831 551 895 clausa,
569 834 646 898 puto,
665 843 741 882 servo
758 827 930 901 nrcdlcsmlns
947 829 1021 895 cista,

295 916 407 984 Hospite
424 917 457 968 ab
473 915 580 982 Assyrio
598 913 676 968 didici
693 927 761 983 quse
778 914 918 982 quondam,
933 915 1007 982 hers,
1020 923 1120 970 cuncta.

227 1023 375 1093 Pooms,
408 1027 503 1080 aetate
538 1020 646 1080 seriora
680 1025 758 1078 terra
784 1019 985 1098 *appellabatur
1010 1020 1122 1093 fertilis,
1205 1095 1206 1100 ἵ

228 1143 280 1203 per
308 1140 441 1204 magnum
470 1121 660 1180 Mithridatem
688 1119 781 1180 famae
806 1122 1000 1182 celebritatem
1030 1131 1122 1194 naam,

229 1227 285 1285 sita
307 1226 357 1286 illa
387 1245 425 1284 ex
449 1223 518 1282 mari
535 1223 656 1289 Pontico
680 1222 740 1282 slve
763 1221 858 1282 Ponto
878 1225 1007 1296 Euxino,
1049 1227 1121 1284 uode

229 1302 488 1396 concumbebat,
521 1325 573 1385 snb
593 1324 697 1405 plagae
714 1323 903 1386 rneridionalis
919 1326 1006 1386 solem
1030 1327 1123 1386 oricu-

230 1439 304 1501 tcm,
336 1429 411 1488 inter
434 1428 526 1506 Halyn
552 1445 661 1486 omnam
684 1427 720 1486 ad
741 1427 920 1486 Occidentem
938 1436 968 1488 ct
989 1429 1124 1489 Colchida

230 1528 443 1599 adorientem,
466 1535 496 1586 st
512 1529 549 1586 ad
570 1527 713 1586 meridiem
733 1529 866 1588 montium
878 1530 960 1612 jugis
980 1551 998 1590 a
1015 1534 1123 1612 Cappa·

231 1629 313 1689 docla
339 1629 478 1708 sejuncta.
534 1629 618 1701 lnde,
652 1637 765 1708 praeter
794 1629 864 1690 alias
891 1633 1019 1711 plantas,
1056 1655 1124 1714 quas

231 1731 355 1790 Romani
365 1730 577 1802 transtulerant,
601 1731 689 1791 herlra
701 1752 812 1792 veneno
823 1732 1124 1799 offerebaturint'amio

232 1833 382 1898 Aeonitnm
393 1832 541 1892 Ponticum
554 1833 609 1893 ΙΙΙ).
619 1835 655 1906 ΙΙ,
678 1841 736 1895 152
751 1839 780 1893 st
791 1836 957 1896 Castoreom
971 1836 1026 1898 Lb.
1039 1839 1061 1911 Ι,
1073 1844 1123 1900 58.
1141 1845 1146 1856 ’

109 1913 113 1926 ’
231 1927 314 2015 Apud
330 1935 496 1996 Ciceronem
512 1941 606 1994 auten
619 1955 684 2011 pro
705 1939 728 1996 l.
747 1937 841 1996 Man.
855 1937 895 1994 ΙΧ
912 1940 1125 2000 nomenPontt

231 2056 352 2116 regnum
376 2057 433 2095 una
450 2035 597 2095 finitimum
616 2035 784 2098 Colchidis
801 2039 1012 2118 complectitur,
1040 2043 1124 2120 quod,
1165 2049 1169 2058 '
1203 2039 1204 2044 '

231 2136 362 2214 Appiano
385 2143 502 2196 auctore
526 2139 601 2200 tell.
626 2135 746 2200 Moror.
770 2141 836 2211 llll,
870 2141 1043 2202 Mirtnioaris
1063 2151 1125 2204 orat

234 2237 264 2296 in
289 2236 412 2298 ditiones
452 2240 571 2318 patriam
595 2240 677 2300 istam
702 2241 949 2302 celebratissimum
972 2245 1075 2306 Circae
1098 2255 1126 2307 et

123 2349 126 2356 '
230 2339 363 2413 Medeae,
394 2341 441 2400 uli
461 2335 611 2424 φάρμακα
630 2343 690 2405 sivo
706 2363 847 2416 uenena,
869 2345 889 2404 i.
909 2365 934 2405 e.
952 2343 1077 2410 herbae
1097 2359 1127 2410 et

231 2442 305 2502 oliae
332 2443 569 2516 restauratione,
600 2451 630 2505 ct
656 2445 762 2505 noxiae
785 2452 816 2505 et
838 2447 989 2522 innoxiae,
1021 2451 1125 2513 multae

231 2543 431 2603 manicatum
474 2547 581 2605 Eodem
605 2547 724 2606 Ilerda
750 2567 861 2626 qnoque
883 2533 947 2610 cunr¹
964 2553 1059 2613 multis
1078 2576 1125 2616 vc·

231 2642 315 2702 uenis
341 2643 503 2722 pertinebat
529 2647 581 2706 sub
601 2650 748 2720 Caucaso,
778 2651 854 2710 undo
872 2652 992 2714 Canidia
1012 2656 1127 2716 Horatii

211 2742 321 2822 ‘upon
343 2744 381 2817 ll,
404 2751 442 2806 ΙΙ
460 2747 571 2806 domum
587 2769 666 2810 suam
685 2752 877 2814 instruxerat:

290 2912 292 2918 .
383 2861 552 2932 Herbssqus,
577 2883 642 2936 quas
661 2858 743 2920 loloos
760 2873 839 2936 atquo
855 2869 938 2922 lberln

468 2948 563 3016 Mittit,
581 2967 739 3006 venenorum
756 2952 839 3006 ferax.

232 3047 319 3107 Mtte·
341 3055 445 3124 lecta,
471 3073 548 3114 meos
568 3055 596 3114 in
615 3075 684 3114 usus
705 3057 834 3129 collecta,
857 3059 984 3136 quamvis
1004 3079 1055 3132 oo,
1079 3061 1127 3138 qul

229 3147 354 3227 legabat,
376 3153 412 3212 ds
428 3175 473 3214 mc
491 3175 528 3215 uo
543 3157 691 3238 cogitante
705 3158 832 3236 quidemr
855 3162 890 3218 ad
902 3161 1128 3220 deditalterum

232 3247 312 3308 mitt
346 3248 568 3334 intelligendum.
621 3259 802 3332 anromo,
845 3261 986 3340 positione
1011 3271 1129 3322 vetusto

232 3355 262 3406 st
282 3369 300 3410 n
321 3350 399 3410 dolio
420 3354 545 3416 Cessare
562 3359 707 3431 adamato,
740 3381 779 3420 ux
795 3361 868 3421 libro
885 3362 1026 3424 Modiceo.
1073 3365 1129 3424 us-

230 3446 319 3509 bellac
339 3452 445 3513 Graeci
469 3456 589 3537 italique
599 3461 678 3542 volgi
691 3463 727 3521 do
741 3457 977 3545 λυκανθρώιτοις
999 3465 1124 3544 aliisquo
