2392 3986
165 184 217 252 oc
312 269 315 276 .
416 175 569 239 nomm
593 175 641 238 ιιι.
664 179 809 242 amo.

166 343 284 418 mulctra
304 320 468 424 enpreriina
488 344 631 430 gloriatur
653 351 684 404 et
705 344 741 406 de
761 350 875 408 cratero
894 342 1064 436 Praxitelis,

166 446 351 517 recentioris,
384 447 460 525 qood
487 447 676 522 σχολιαιιτης
700 453 809 517 monet,
841 443 965 508 artificis·
988 445 1062 506 ecel·

166 547 274 626 pteris,
294 547 367 606 alius
390 548 413 618 Ι,
436 555 486 612 27·
509 551 550 610 57
572 548 701 626 poculum
722 546 849 628 ligneum
870 554 900 605 et
921 546 1063 606 altum.et

166 655 295 708 aasabim
325 654 355 706 et
375 648 420 706 cui
446 666 516 712 cere
534 645 606 709 illita
632 655 677 708 est
698 653 728 708 et
754 647 899 726 scalptura
929 654 1063 710 mosam

167 769 254 828 capre
284 748 352 808 emit
382 755 413 806 et
438 747 530 826 ample
560 767 644 808 emec
680 769 697 808 a
729 756 887 808 mercatore
922 747 1063 808 maritima

166 849 245 910 urbis
276 848 442 926 coyoonis.
481 847 525 908 De
547 850 683 932 potoriis,
715 869 881 928 quamquam
909 867 966 908 nou
988 868 1062 908 sem-

70 995 73 1001 *
167 970 232 1029 per,
273 968 358 1028 saepe
386 956 480 1010 tamen
505 971 574 1029 par
599 953 743 1030 aequale
769 950 911 1010 habebant
939 957 970 1008 et
1000 949 1060 1010 vini

167 1058 198 1112 et
224 1069 332 1130 aquae,
378 1051 407 1110 in
434 1070 508 1129 qnae
535 1053 649 1114 ureedo
684 1048 843 1132 (cyatho)
874 1049 1063 1118 infundebant

168 1161 198 1212 et
229 1173 280 1232 pro
308 1151 425 1212 arbitrio
458 1153 661 1231 temperabant.
710 1152 798 1212 'Palla
825 1156 932 1226 paria
960 1150 1064 1215 eicere

168 1253 343 1313 nominatio
367 1251 507 1324 Verrinis3
530 1253 587 1312 tole
609 1253 722 1333 aliquod
745 1253 840 1314 fictilis
862 1252 956 1331 operis
978 1253 1064 1318 Com·

167 1355 233 1433 paui
256 1355 283 1414 iu
306 1373 396 1412 coena
416 1353 545 1420 solitaria
566 1355 676 1424 Horatii
699 1355 727 1426 Ι,
750 1363 784 1426 a,
809 1362 869 1416 117
890 1353 919 1412 in
942 1371 1064 1416 mermes

168 1474 219 1515 rea
240 1455 338 1514 tabula
359 1454 472 1526 abaci,
512 1473 568 1534 quo
589 1475 659 1516 vaso
679 1455 708 1516 in
730 1454 866 1517 conviviis
887 1454 993 1533 exponi
1014 1474 1062 1514 so·

169 1555 278 1628 lebant,
309 1555 466 1634 appositum
489 1565 564 1629 eret,
601 1555 659 1616 tole
686 1556 799 1635 aliquod
826 1575 879 1636 par
904 1555 1062 1634 aequaliter

169 1655 264 1717 lictum
285 1665 315 1716 et
336 1658 490 1718 Damoetas
511 1678 537 1719 v.
560 1663 601 1718 44
623 1664 653 1716 ct
674 1657 736 1736 ejus
756 1657 936 1724 adversarius
957 1656 1062 1716 bebere

170 1757 344 1838 gloriantur:
378 1757 467 1838 igitur
483 1760 608 1832 pocula
638 1757 673 1816 de
695 1757 833 1835 pluribus,
867 1778 924 1818 non
947 1757 982 1816 de
1004 1775 1062 1820 uuo

168 1853 301 1937 pocula.
344 1859 484 1918 Pluralem
512 1858 585 1918 enim
607 1877 750 1920 numerum
772 1877 823 1936 pro
851 1857 991 1938 singulari
1012 1858 1062 1920 ed·

171 1961 266 2020 bibere
289 1979 344 2017 non
367 1960 434 2018 licet
454 1965 571 2036 poetae,
603 1958 657 2016 nisi
678 1958 726 2018 ubi
746 1958 841 2036 plures
861 1966 958 2036 portes
980 1966 1060 2030 suut:

170 2077 339 2136 πρυσωιια,
367 2049 510 2134 ἅρματα,
536 2051 677 2128 hordea,
705 2061 852 2118 succina.
896 2057 1062 2128 Umbilicum

171 2157 317 2235 utrimque
350 2155 443 2236 poculi
475 2165 508 2218 ut
537 2157 640 2236 duplici
671 2165 840 2240 argumento
875 2158 1061 2231 discordaret,

164 2263 304 2335 facille,
340 2258 441 2332 callido
467 2278 565 2318 monus
591 2257 723 2332 artificis,
759 2260 812 2319 bac
838 2266 920 2338 parte
951 2266 1060 2334 vitem,

172 2363 262 2422 altera
288 2358 443 2420 hederam
474 2361 502 2419 in
530 2361 665 2439 depressa
694 2381 763 2430 area
789 2363 923 2434 scalpro
956 2364 1062 2430 eleua-

167 2472 281 2548 fluerat,
315 2479 431 2538 quorum
453 2458 566 2519 brachia
587 2462 758 2544 conjunctim
786 2460 912 2520 interae
933 2463 1063 2540 repentia
1179 2463 1180 2470 '

171 2579 329 2640 supremum
350 2556 481 2618 ambitum
498 2558 659 2638 cingebant.
709 2561 850 2632 Tomoe,
871 2561 985 2642 proprie
1005 2581 1062 2640 quo

172 2661 324 2722 tornabant
345 2665 375 2719 et
394 2659 517 2718 rotunda
538 2657 717 2733 efficiebant,
739 2663 814 2740 quud
836 2663 908 2722 bene
929 2663 1063 2724 observa·

74 2837 76 2844 .
171 2763 213 2826 vit
233 2763 364 2833 Ruoeus,
395 2759 479 2820 etiarn
500 2779 553 2839 pro
574 2764 684 2830 caelo,
719 2782 775 2841 quo
797 2752 946 2825 e'aelobont
973 2763 1063 2835 etsi·

172 2864 243 2946 gille
263 2865 396 2944 gemmis,
417 2861 552 2933 metallis,
574 2862 661 2922 ebore
682 2863 833 2924 eminentia
856 2864 1060 2944 exprimebant,

174 2972 204 3026 et
224 2983 275 3043 pro
302 2967 452 3042 scalpro,
490 2982 546 3041 quo
573 2964 737 3044 sculpebant
763 2970 793 3026 et
818 2963 927 3045 figuras
957 2964 1064 3028 incide·

173 3065 256 3135 baut,
288 3063 446 3136 dicebatur3
481 3065 516 3124 de
536 3063 611 3124 falce
631 3064 784 3142 pastoritio,
807 3064 836 3122 in
862 3064 917 3122 boc
940 3063 1063 3126 artificio

173 3185 211 3241 ne
233 3163 363 3245 cogitare
385 3165 496 3243 quidem
518 3165 595 3224 lieet.
637 3164 736 3234 Prius,
760 3164 835 3241 quod
854 3165 972 3225 Servius
990 3167 1064 3226 Aen.

174 3266 210 3336 ll,
234 3273 295 3328 39¹2
313 3265 441 3336 tradidit,
455 3266 579 3337 facilis
600 3267 680 3322 uitis
702 3264 973 3350 poetascripserpt,
996 3265 1065 3338 vitia

174 3365 252 3426 facili
278 3386 366 3445 opera
391 3363 535 3445 perlecta,
567 3378 664 3424 verum
687 3364 743 3422 duo
766 3359 897 3436 inritatu,
922 3386 1006 3446 quum
1035 3368 1064 3436 in
