2392 3986
175 269 242 330 16ss
422 257 576 316 ECLOGA
599 257 645 314 lV.
671 263 758 315 11-
772 261 821 315 17.

121 491 124 504 p
174 425 306 496 consule,
328 424 437 497 Pollio,
465 444 554 506 puero
576 425 645 483 Tuo
666 429 735 482 nato
756 441 807 484 ver
828 439 944 480 aureum
971 422 1070 504 napi

175 526 241 586 anni
271 525 403 584 mundani
431 525 549 596 redibit,
585 531 614 583 et
642 524 712 582 ordo
739 542 904 604 magnorum
933 523 1069 581 mensium

174 626 377 686 mundanorum
409 627 469 686 sive
502 625 679 684 saeculorum
712 625 781 683 orbe
808 623 968 682 iterabitur.
1021 624 1069 682 'l'e

176 729 247 786 duce
268 728 451 804 lacrymosum
472 726 574 784 bellum
596 725 694 795 civile,
723 725 798 802 quod
820 725 857 782 dii
879 723 960 783 nobis
982 723 1070 783 immi·

176 835 274 886 serant
300 827 336 885 ad
368 829 482 885 multum
515 825 700 906 sanguinem,
731 844 812 903 quem
844 824 1070 904 profuderamuo,

176 928 364 987 ulciscendum
385 928 546 1007 plerumque
574 926 744 986 exstinctum
766 932 824 998 est3
853 931 884 984 te
912 927 983 984 duee
1004 925 1070 985 reli·

177 1048 233 1107 qua
255 1048 367 1108 quoque
388 1029 524 1108 pristinae
550 1027 702 1106 impietatis
729 1025 854 1106 vestigia
881 1033 1070 1086 evanescent:

178 1135 211 1188 ut
232 1130 348 1208 expiato
377 1130 405 1188 in
434 1132 536 1190 mundo
564 1128 654 1200 filius,
687 1127 831 1186 meliorum
852 1128 991 1208 hominem
1014 1127 1070 1206 pri·-

178 1224 287 1302 nritiae,
318 1231 439 1291 divinam
460 1251 521 1290 cum
544 1229 596 1288 diis
619 1236 649 1287 et
669 1228 749 1286 simul
778 1228 851 1286 natis
872 1227 1005 1286 heroibus
1027 1228 1068 1289 vi·

178 1339 235 1390 tam
259 1339 376 1390 acturus
398 1336 427 1388 et
455 1332 489 1389 ad
513 1329 696 1409 amplissimos
729 1330 836 1409 gradus
862 1329 1000 1387 humanae
1028 1328 1070 1386 di·

178 1432 298 1512 gnitatis
318 1425 505 1489 adscensurus
526 1431 572 1490 sit.
597 1464 637 1475 -
679 1427 865 1489 Decuahoc
887 1435 977 1501 acri,
1001 1430 1072 1488 baec

179 1530 301 1590 felicitas
324 1533 480 1590 mundanae
502 1531 752 1611 appropinquantis
777 1530 889 1590 aetatis.
932 1528 1069 1602 Aevom,

179 1613 410 1711 quemadmodum
437 1632 525 1704 αἰων,
558 1639 666 1711 tempus
700 1639 744 1691 est
773 1633 818 1692 vel
846 1631 995 1690 diuturnae
1018 1629 1071 1704 vvcl

180 1732 366 1811 sempiternae
379 1733 584 1813 perpetuitatis.
627 1733 726 1793 Irrire
748 1733 828 1792 deest
849 1751 998 1802 cerrum,
1025 1749 1071 1790 or-

180 1831 248 1905 diri3
281 1841 487 1913 pervetustum,
524 1855 575 1915 pro
604 1837 755 1911 ingredi,
786 1835 883 1892 eadem
905 1830 1072 1905 reticentia3

180 1933 356 2014 participium
384 1941 493 1996 iniens
521 1935 625 1993 diutius
647 1935 756 1994 mansit.
800 1935 924 2011 Magni
944 1937 1072 1992 memes

180 2033 199 2092 i.
221 2054 248 2112 q.
270 2055 297 2092 v.
320 2039 338 2092 5
361 2053 504 2110 magnus
526 2037 606 2091 ordo
624 2037 824 2103 saeclorum,
847 2034 943 2091 decern
966 2038 1073 2111 partes,

180 2132 209 2189 in
231 2152 300 2209 quas
315 2131 423 2208 Sibylla
438 2152 539 2190 annum
550 2132 717 2190 mundanum
727 2133 932 2210 descripserat3
954 2137 1072 2212 magni

180 2233 293 2313 proprie
315 2233 427 2292 dictum.
451 2232 609 2296 ,Bellum
630 2235 729 2292 civile
749 2231 894 2313 Georgica
916 2229 1028 2311 quoque
1050 2234 1071 2308 l,

182 2337 243 2396 502
277 2341 306 2393 et
334 2335 470 2394 Horatius
498 2335 551 2393 0d.
581 2335 608 2406 l,
643 2342 660 2396 2
689 2335 779 2413 Epod.
807 2341 836 2406 7,
866 2342 905 2395 16
932 2340 1073 2412 tamquam

182 2438 269 2494 luem
294 2442 437 2514 pristini
464 2440 603 2496 sceleris
630 2421 834 2509 lamentantur,
862 2435 937 2514 quod
964 2434 1000 2493 ad
1023 2454 1072 2494 ex·

182 2534 311 2612 piandum
339 2537 450 2614 Jupiter
477 2536 637 2594 misericors
664 2536 709 2595 vel
736 2537 893 2614 Apollinem
921 2534 1007 2594 filium
1028 2535 1073 2596 vel

182 2633 266 2692 alium
293 2635 384 2692 lleum
412 2635 547 2692 Romanis
570 2635 718 2715 propitium
740 2636 784 2695 vel
806 2637 881 2715 pium
903 2639 1071 2717 Augustum,

182 2733 284 2812 quippe
305 2734 386 2792 deum
407 2735 528 2794 bumana
550 2735 658 2814 specie,
681 2735 815 2817 gentibus
833 2756 921 2817 prope
937 2737 1073 2815 depositis

183 2835 217 2892 de
239 2835 326 2901 coelo¹
342 2835 488 2894 demittere
509 2835 586 2897 velit.
630 2837 726 2909 Nunc,
750 2857 831 2916 quum
849 2838 965 2897 libertas
982 2838 1073 2896 adbuc

182 2935 372 3008 restituenda,
404 2957 500 3016 parum
528 2936 624 2996 lutura
651 2933 799 2997 Octaueni
835 2938 987 2996 dominatio
1024 2958 1073 2997 ex·

183 3041 374 3114 spectaretur,
407 3039 547 3098 libertatis
581 3039 713 3097 studioso
749 3039 867 3117 amplum
901 3038 1073 3116 expiationis

183 3155 282 3194 munus
311 3139 409 3197 Asinio
436 3140 560 3198 Pollioni
586 3145 672 3218 potita
698 3139 810 3198 tribuit:
851 3139 899 3217 qui
926 3145 1073 3217 utramque

183 3237 299 3296 Antonii
321 3246 351 3297 et
372 3239 520 3322 Octaviani
542 3245 726 3319 potestatem,
755 3238 790 3297 ob
812 3246 1003 3317 pervetustam
1024 3259 1072 3318 po·

152 3417 154 3423 y
182 3339 241 3415 puli
262 3340 384 3416 culpam,
407 3340 496 3416 quod,
520 3340 656 3398 neminem
678 3339 821 3410 laesurus,
844 3346 930 3420 po‘e'te
951 3339 1072 3410 simulat,

184 3439 340 3497 discordem
351 3437 469 3511 saetam,
492 3441 574 3499 modo
590 3447 758 3519 pacaverat,
781 3446 825 3512 et,
848 3440 929 3519 quasi
940 3441 1073 3501 sacerdos
