2392 3986
211 251 278 314 roe
432 231 618 306 'ocnoon
640 200 689 306 io.
711 251 857 308 or-on.

210 417 273 472 eret
293 431 361 471 urcu
382 411 512 487 feriendi,
533 407 706 476 vaticineodi
727 423 757 474 et
778 415 912 488 musicem
935 423 992 472 tum
1012 411 1113 472 medi-'

142 589 145 592 Ι
210 514 307 585 ciooe,
338 521 526 594 postremum,
556 537 694 577 converse
716 517 761 576 dei
783 523 939 596 potestate,
973 515 1015 574 sol
1035 515 1092 593 ejus

208 633 332 694 persone
359 615 526 677 informatus
548 625 601 675 est.
645 619 817 696 Aliquando,
853 637 936 696 quum
958 616 1092 696 poicbrem

209 713 377 794 Daphnen
409 711 481 776 deun
510 725 689 795 sequeretur,
720 721 809 778 Penei
835 717 936 790 fliium,
965 711 1093 776 Theosoii

209 815 301 890 flovii3
324 817 426 888 anxio,
448 824 480 876 ut
502 825 666 894 mutaretur,
689 841 706 879 e
728 821 781 878 diis
803 829 919 900 precato
940 827 998 891 est,
1019 825 1049 877 et
1064 817 1092 874 io

210 919 471 990 locarem'crorit,
505 939 560 999 que
589 922 658 980 deus
687 922 752 980 inde
783 924 981 982 coronabatur.
1022 921 1093 996 Hyo-

210 1015 370 1092 cc'rothmm,
403 1028 523 1079 umatum
553 1028 684 1100 puerum,
717 1044 755 1082 ex
776 1025 893 1102 Amyeio
918 1024 963 1084 vei
984 1021 1092 1089 Oebeim

209 1139 281 1200 rege
303 1123 459 1200 Spertooo,
492 1132 604 1195 netum,
638 1125 715 1184 disco
744 1127 843 1185 iudeus
872 1125 1027 1196 interfecit3
1061 1139 1094 1179 ex

210 1224 351 1302 sanguine
372 1221 425 1281 flos
452 1245 609 1303 purpureus
631 1217 723 1284 fectus
746 1235 804 1298 est,
840 1228 984 1308 giodioius
1004 1229 1095 1283 noster

210 1322 270 1381 sive
297 1323 349 1380 bris
372 1325 411 1394 ΙΙ,
436 1333 485 1385 18.
507 1326 561 1384 hb.
583 1327 637 1398 iV,
662 1337 736 1399 137,
759 1331 838 1409 cujus
868 1341 960 1389 reone
986 1327 1030 1388 rei
1049 1319 1098 1383 ΑΙ

209 1422 300 1482 literis
321 1424 424 1481 luctum
447 1426 507 1497 dei,
538 1429 582 1488 rei
610 1429 648 1501 Y,
677 1432 758 1508 pueri
779 1431 893 1509 primem
926 1420 1035 1490 literam
1055 1444 1095 1482 re·

209 1521 287 1580 ferre
312 1524 489 1585 videbantur.
531 1531 601 1609 Ejus
617 1532 718 1612 ‘igitur
744 1533 772 1590 in
801 1534 937 1591 honorem
959 1528 1096 1590 Mendes

210 1623 266 1694 ito,
298 1629 527 1702 quemadmodum
557 1634 688 1710 Corydon
719 1634 758 1705 ΙΙ,
788 1641 837 1694 50.
866 1640 923 1705 ot,
957 1633 986 1692 iu
1013 1628 1096 1688 bortis

211 1725 328 1784 lauros
347 1734 377 1818 et
396 1727 593 1808 hyacinthos
615 1736 691 1806 coiit,
714 1755 830 1813 quorum
852 1736 964 1812 species
976 1755 994 1792 e
1014 1747 1096 1792 verno

211 1827 390 1905 aequinoctio
412 1833 448 1890 od
470 1843 605 1894 aestatem
627 1835 738 1895 florent.
782 1837 938 1913 Semper,
962 1829 1096 1913 sod‘juso'

210 1925 308 1988 florum
331 1934 466 2011 temporis
487 1937 597 1996 rotione
620 1939 714 1996 bobito
735 1938 756 2006 Ι,
781 1941 830 1997 53.

180 2091 187 2108 ,
296 2038 440 2096 (id-66.
484 2037 557 2098 Hine
589 2039 624 2097 ed
653 2058 764 2098 versum
792 2046 830 2098 83
855 2039 993 2116 juvenes,
1026 2054 1096 2096 more

211 2133 376 2191 certantium
399 2135 513 2210 civil,
532 2147 580 2208 29,
603 2138 724 2216 quinque
746 2138 825 2216 perio
845 2139 1015 2200 lascivorum
1037 2156 1096 2198 cen·

210 2232 317 2321 tionum
344 2247 528 2310 commutent,
560 2232 632 2316 quoe
660 2258 715 2296 ooo
744 2258 811 2298 sues
838 2258 901 2311 ree,
938 2243 990 2301 sed
1011 2239 1097 2320 lepide

210 2333 325 2396 invente
348 2341 502 2400 continent.
546 2327 634 2400 Primi
652 2341 761 2419 quidem
783 2342 859 2420 peris
878 2343 933 2402 boc
952 2361 1097 2424 argomen-

210 2443 266 2496 turn
291 2447 349 2498 est:
383 2445 430 2502 Me
451 2442 560 2521 quidem
584 2461 622 2500 ex
650 2443 727 2502 brevi
752 2451 878 2522 tempore
899 2445 996 2525 pueiio
1017 2445 1096 2510 omni,

210 2546 240 2597 et
263 2561 307 2600 me
329 2541 388 2622 jem
412 2543 519 2620 pridem
542 2563 611 2620 puer
634 2548 664 2600 et
694 2542 795 2621 pueiio.
845 2546 1000 2607 Domoetuo
1019 2549 1097 2626 juve·

210 2640 292 2700 uilem
310 2651 340 2702 et
357 2644 499 2722 eiiqoeoto
515 2643 662 2700 tectiorem
680 2661 801 2702 amorem
816 2645 995 2723 Galateae,
1019 2665 1098 2726 quem

209 2741 293 2802 finxit
303 2744 422 2825 pueilem
440 2743 581 2815 rusticam,
604 2742 644 2801 ito
659 2745 843 2822 adumbravit,
866 2755 898 2808 ut
914 2757 993 2810 recte
1006 2749 1097 2807 edum·

209 2845 301 2905 brotio
323 2865 384 2905 eom
410 2843 559 2902 Theocriti
586 2846 713 2924 exemplo
739 2848 779 2920 V,
804 2857 858 2924 88,
882 2853 958 2928 quod
983 2855 1099 2930 sequuta

210 2955 268 3019 est,
291 2945 446 3024 oompo'reri
469 2944 575 3022 possit3
596 2947 644 3005 ubi
667 2948 708 3008 ito
725 2951 859 3010 Comatae
879 2953 1004 3012 orditur:

276 3063 311 3112 Et
328 3058 456 3111 Cleeristo
472 3059 536 3127 petit
553 3068 683 3130 pastorem
701 3065 793 3118 callida
810 3065 893 3132 malis,

277 3143 386 3198 mendo
404 3161 454 3211 ego
472 3162 522 3212 ago
540 3164 645 3218 cepres,
664 3150 752 3204 rixans
771 3156 797 3203 et
813 3152 924 3204 amabile
942 3153 1016 3204 ludit.

209 3249 355 3319 Mamm,
391 3251 471 3330 eujus
495 3253 607 3312 nomine
630 3255 775 3313 Romonus
803 3259 940 3328 cotoneo,
970 3262 1101 3337 gneum,

209 3349 335 3421 Persico,
357 3351 455 3425 citrea,
477 3355 588 3414 Medico
610 3357 856 3435 complectebatur,
880 3357 986 3415 Veneri
1010 3373 1103 3414 secro-

209 3455 267 3507 tum
290 3460 365 3524 eret,
398 3457 478 3536 cnjus
501 3458 596 3538 imago
624 3459 713 3518 nitere
734 3477 818 3518 mono
840 3445 984 3517 interdum
1011 3457 1106 3517 florem
