2446 3972
222 226 287 286 108
483 214 638 274 ECLOGA
660 213 735 284 Vlll,
760 215 850 273 1-5.
933 213 935 222 ’

218 388 329 464 lyncum
350 404 461 463 quoquc
483 353 565 442 urina
587 383 616 441 in
629 383 747 460 Scythia
763 381 835 460 lapis
858 382 1035 440 nascebatur
1052 384 1115 461 lyu·

127 559 129 562 Ι
218 487 330 547 curicu:
354 486 484 545 tribulosa
501 483 609 542 succini
621 483 827 562 interpretatio.
872 483 1027 560 Scythiam,
1046 505 1114 543 con-
1209 481 1210 486 '

217 594 290 660 stat,
318 589 346 646 in
375 587 471 646 tabula
498 585 575 643 orbis
597 593 735 644 terrarum
759 585 872 649 Eudoxi
894 587 1114 662 septemtriona-

217 690 271 764 lem
291 690 326 748 ab
344 689 490 747 occidente
508 689 544 745 ad
561 687 697 745 orientem
717 689 807 746 sulem
824 707 918 745 arcum
936 687 1113 764 complexam

218 811 296 864 esse,
325 798 363 863 ctv
381 791 536 848 'thraciam
565 809 650 867 saepe
679 789 706 846 in
730 809 761 847 sc
784 788 968 847 continuisse.
1012 789 1114 847 Xeno·

217 895 291 972 phou
315 891 383 950 dicit
403 911 474 950 vec.
499 891 557 962 Xl,
587 892 685 967 lynces
708 898 946 978 venatores-cum
968 891 1111 963 leooihus,

219 994 324 1074 pardis,
348 993 492 1073 pantheris
514 1002 544 1051 et
564 993 639 1050 ursis
661 993 688 1052 in
712 1001 805 1050 nronte
824 993 962 1073 Pangaeo
984 999 1014 1050 et
1031 993 1111 1052 Cittu

218 1099 305 1175 supra
326 1096 519 1156 Macedoniam
527 1141 535 1169 ,
558 1095 587 1152 iu
611 1095 735 1173 lllympo
751 1095 876 1173 Mysiae,
899 1094 927 1152 iu
949 1095 1059 1152 Pindo
1081 1102 1111 1153 ct

219 1199 296 1277 Nyse
322 1219 409 1276 supra
431 1197 542 1276 Syriam
565 1197 683 1274 aliisque
706 1196 817 1276 anagnis
839 1195 979 1256 moolihus
1001 1197 1109 1255 venari.

218 1301 324 1360 Pastor
351 1320 462 1378 quoque
485 1299 585 1376 Apollo
608 1298 680 1376 apml
703 1299 865 1369 Admetum,
894 1317 992 1378 regem
1015 1299 1110 1356 'Phes-

218 1403 322 1473 saliae,
356 1403 429 1479 quod
453 1401 494 1458 ait
516 1400 664 1478 Euripides
679 1397 778 1478 ·(Alc.
802 1397 909 1480 578),
928 1400 1018 1458 molis
1049 1400 1109 1458 suis

218 1504 375 1560 maculosas
404 1502 501 1576 lynces
529 1508 558 1558 et
585 1486 683 1559 leones
711 1503 746 1560 ‹le
769 1513 864 1560 monte
886 1502 1009 1580 Othryso
1033 1503 1108 1560 dele·

218 1604 323 1662 ctabot.
367 1603 455 1671 Sunt,
484 1601 531 1678 qui
559 1602 667 1678 lyncem
690 1605 787 1664 hidiae
810 1612 839 1662 ct
865 1603 1033 1682 Aethiopiae
1057 1604 1108 1661 tri·

217 1705 314 1775 huant,
337 1705 413 1780 Nyse
435 1703 575 1780 qnoniam,
599 1725 679 1762 mons
701 1706 865 1777 Bacchicus,
889 1707 916 1763 in
940 1705 1049 1763 seriore
1072 1707 1107 1764 «lc

217 1807 320 1866 mundo
332 1808 461 1864 (lontrina
474 1825 508 1864 eo
522 1806 646 1884 perlatus
660 1815 704 1864 est
713 1807 751 1887 ⁰).
796 1808 983 1866 Callimachus
998 1809 1105 1867 Dian.

216 1918 256 1972 89
279 1911 314 1968 le
335 1910 416 1987 lynce
438 1906 579 1967 Maemalio
601 1915 744 1980 memorat,
767 1911 996 1990 quemarlmodum
1020 1910 1106 1987 Apol·

214 2011 309 2071 lanius
337 2012 363 2082 l,
403 2018 462 2070 168
491 2009 525 2068 dc
552 2029 620 2068 urso
648 2010 800 2070 Maenalio.
853 2012 988 2092 Virgilius
1015 2011 1106 2091 igitur

214 2114 297 2191 hujus
331 2111 462 2169 carminis
499 2118 695 2191 argumentum
728 2133 849 2194 peregre
877 2115 986 2192 posuit,
1027 2117 1105 2172 artes
1209 2099 1210 2148 3

214 2213 344 2292 quoniam
380 2213 523 2294 magicae,
557 2212 641 2272 lictae
673 2215 809 2287 nobilius,
848 2217 977 2275 Graecae
1008 2224 1104 2286 eraot;

214 2323 244 2376 et
272 2317 396 2395 quidem,
439 2317 514 2394 quud
542 2336 580 2374 ex
607 2317 789 2394 sequentihus
817 2325 896 2396 patet
923 2339 950 2378 v.
974 2325 1026 2378 Ἠ.
1053 2327 1104 2377 30.

213 2425 265 2481 64.
287 2428 338 2480 71.
362 2425 417 2488 Οὐ,
440 2417 468 2477 in
498 2415 676 2477 Thessalia
699 2417 833 2489 venefica,
856 2409 1104 2498 Penatqmdnn

212 2520 241 2577 in
272 2521 346 2596 jugo
378 2519 516 2588 silvestri,
551 2520 795 2579 arl‘ssccidantem
825 2521 859 2578 ah
889 2520 961 2579 Oeta
990 2541 1101 2581 versus.

188 2621 432 2710 &stupefactae
459 2625 605 2679 carmine
633 2623 765 2681 solemnis
788 2630 832 2681 est
854 2621 966 2702 Virgilii
988 2643 1103 2700 campo-

212 2719 295 2788 sitio,
327 2727 363 2780 ut,
386 2720 513 2780 Graecae
534 2720 654 2801 *figurae
681 2730 832 2800 carmina
854 2724 984 2784 diffidere
1007 2725 1103 2786 licent.

211 2821 350 2882 Mutata
371 2841 449 2882 auor
470 2843 600 2896 carana,
626 2827 643 2884 i.
657 2847 682 2884 e.
701 2835 847 2905 postquam
869 2827 1000 2906 proprios
1022 2845 1101 2896 suos,

212 2929 369 3009 arlaoetor
390 2945 510 2984 currus
533 2928 601 2986 'Pia
626 2929 678 2998 lV,
709 2935 784 2998 125,
806 2927 920 2986 flumina
942 2930 977 2986 ad
1000 2935 1102 3005 poetas
1209 2989 1210 3002 y

211 3027 375 3086 commissus
403 3026 594 3100 deflexerant,
628 3042 758 3088 ructata
778 3032 866 3090 verho
889 3031 995 3102 malim
1031 3049 1101 3088 con·
1209 3027 1210 3030 ’

132 3123 137 3136 ’
209 3127 345 3188 stiterunt
379 3131 576 3189 auscultantia.
621 3132 720 3190 Gallus
753 3131 862 3208 quiden
893 3133 1007 3210 Ciny.
1036 3139 1098 3193 233

209 3235 348 3309 rapidos
371 3234 584 3307 requiescunt
594 3236 744 3304 flamina
764 3252 884 3292 curras
906 3233 1006 3308 hahet,
1028 3233 1049 3294 i.
1072 3255 1100 3296 c.

209 3347 410 3357 ...αι’-ινα

230 3379 306 3458 Μ’)
341 3382 442 3454 nepae:
479 3378 601 3455 „Lyncus
627 3397 687 3432 vero
709 3381 735 3432 in
754 3383 799 3433 tali
818 3385 947 3452 camarina,
976 3387 1047 3452 qrrcd
1066 3384 1099 3438 acl

209 3447 323 3498 Srcrham
341 3447 466 3512 pertinet,
484 3447 551 3496 notra
570 3459 628 3497 ease
644 3451 830 3501 memoratas.“
