2446 3972
228 229 272 291 78
462 220 616 282 ECLOGA
635 220 696 291 vll,
719 225 863 282 21-24.

160 440 162 444 .
224 389 445 468 conjungentes,
467 373 555 448 artem
575 387 669 467 potius
690 408 771 467 quam
791 395 880 450 semet
900 395 1039 469 spectarit.
1063 421 1105 438 -·

224 487 419 562 Libethrus,
443 486 619 561 Libethra,
642 486 835 550 Libethrum
853 510 979 569 quoque,
1001 490 1031 550 io
1050 485 1106 552 ile-

223 569 320 649 linono
338 597 431 649 monte
452 590 516 650 sons
538 591 612 660 antri
633 591 791 663 dicebatur,
813 589 886 650 fonti
907 571 1015 652 cuidam
1045 593 1106 653 Ma·

225 691 359 751 cedonioo
387 692 577 773 cognominis,
610 692 683 751 unde
710 702 822 752 veteres
849 694 979 752 Thraces
1010 695 1107 755 Musa-

226 814 285 852 rum
308 793 409 851 cuitum
430 793 459 850 in
480 793 627 851 Boeotiam
649 793 806 852 detulerant
828 794 880 865 vl,
916 803 965 856 13.
986 796 1108 855 Musae

227 894 330 954 Graeci
359 895 467 973 antiqui
488 891 657 974 Nymphas
679 895 792 954 omnino
818 894 937 954 fontium
963 897 1107 977 lymphan-

226 997 295 1055 tium
316 995 460 1068 diccbant,
492 1015 607 1075 quorum
634 993 733 1056 latices
760 994 876 1056 fatidico
899 1005 994 1057 terrae
1021 1000 1107 1058 anhe-

225 1098 277 1177 litu
303 1098 403 1176 repleti
431 1117 494 1157 esse
514 1097 680 1158 videbantur
705 1098 759 1168 ΙΙΙ,
787 1103 837 1160 85.
858 1098 903 1170 Χ,
932 1107 960 1158 1.
984 1108 1034 1160 10.
1056 1105 1106 1163 55.

226 1199 298 1274 Hinc
319 1199 399 1261 varia
419 1201 454 1259 de
476 1200 631 1270 montibus,
652 1218 722 1277 quos
737 1200 836 1260 Musae
856 1200 998 1272 habitent,
1021 1209 1050 1260 et
1072 1202 1109 1261 de

226 1281 351 1360 sontibus
378 1309 408 1361 et
434 1301 469 1360 de
495 1321 611 1360 numero
641 1300 763 1380 ipsarum
792 1302 927 1361 narratio.
979 1302 1109 1362 Celebris

227 1403 350 1464 carmina
371 1410 516 1481 postquam
537 1402 717 1464 novenarium
735 1404 877 1462 Musarum
899 1423 1041 1462 numerum
1058 1404 1109 1463 de·

226 1502 390 1574 finiverunt,
423 1502 642 1562 secernebautur
666 1509 729 1562 cum
756 1503 818 1564 aliis
843 1501 1004 1583 Nymphis
1025 1506 1107 1584 lyne-

223 1603 403 1679 phantibur
424 1599 634 1663 Libethrides
661 1623 771 1682 quoque
798 1602 879 1683 quasi
904 1606 1040 1684 quaedam
1065 1607 1109 1666 io-

226 1704 340 1766 ferioris
361 1706 467 1786 ordinis
488 1705 527 1778 X,
550 1714 583 1778 13
605 1705 656 1764 sed
677 1725 733 1764 oon
751 1705 792 1766 ita
807 1713 917 1778 mmeu,
938 1713 1042 1767 utnon
1058 1708 1109 1768 oii-

227 1809 338 1886 quando
359 1808 503 1886 Nymphae
528 1827 589 1867 cum
611 1806 700 1866 Musis
729 1808 885 1886 permixtae
905 1806 1022 1868 fuerint.
1063 1811 1109 1869 Aa

226 1910 496 1994 Nymphaslquidem
517 1916 645 1988 pastores
667 1909 815 1968 Theocriti
836 1910 869 1980 V,
893 1917 963 1972 149.
984 1910 1045 1983 Vll,
1067 1919 1108 1973 92

225 2012 347 2071 animum
368 2031 446 2069 suum
464 2018 608 2089 acceptum
622 2009 764 2084 reteruut3
787 2017 941 2089 auctorque
961 2020 1006 2071 est
1027 2020 1110 2074 vetus

226 2113 381 2191 interpres,
412 2113 509 2170 Musas
535 2111 591 2170 isto
619 2111 730 2170 nomine
749 2132 768 2170 a
788 2112 876 2189 Lydis
902 2114 1025 2173 vocari..
1051 2115 1108 2174 He-

228 2213 340 2291 sychius
363 2233 473 2293 quoque
494 2213 649 2292 Nymphas,
670 2214 766 2272 Musas
788 2233 867 2285 esse,
895 2213 1110 2295 iuterpretatur.

211 2316 273 2374 'De
294 2315 426 2394 Nymphis
454 2334 564 2374 carmen
592 2315 620 2372 io
642 2315 797 2394 Apollinem
823 2315 897 2395 apud
922 2315 1110 2396 Porphyrium

230 2413 281 2496 (irs
302 2429 389 2478 eutr.
411 2413 565 2496 Nymph)
588 2416 671 2476 dicit:
798 2453 801 2464 1

339 2575 342 2582 ι
430 2519 574 2599 haimonis
591 2548 635 2599 sed
653 2564 736 2615 aquae
751 2547 798 2599 tihi
813 2545 898 2601 fontes

321 2653 323 2656 ·
429 2631 553 2682 Struxere
569 2633 670 2698 puellae
685 2632 826 2686 residentes

430 2715 577 2780 specubus,
599 2715 701 2767 flatibus
719 2716 795 2768 alitae
811 2721 906 2782 terrae,

430 2797 527 2850 Cantus
545 2799 576 2850 ad
593 2815 683 2852 vocem
700 2799 820 2876 Nauem.

229 2958 310 3016 Haud
337 2975 418 3015 aecus
444 2955 519 3033 apud
538 2955 726 3036 Augustinum
756 2956 792 3015 de
818 2953 923 3015 musica
947 2956 987 3016 ΙΙΙ
1009 2955 1110 3018 Musae

228 3057 308 3136 quasi
329 3059 472 3136 Nymphae
492 3054 793 3136 Hippocrenesfontie
813 3056 986 3118 adunatim:

479 3190 517 3240 lte
533 3185 627 3254 igitur,
650 3187 805 3252 camoenae,

478 3271 629 3324 Fonticulus
645 3273 756 3339 puellae,

361 3347 363 3352 ’
480 3357 553 3412 Quae
570 3354 661 3408 canitis
677 3357 725 3408 rub
742 3357 822 3410 antiis

478 3439 618 3494 Meltitiuos
634 3455 755 3503 sonorem
882 3479 885 3486 .
