2424 3994
216 317 263 379 84
314 303 468 365 ECLOGA
492 298 1030 362 trr.nauUn1ENT1NA1tuauto.

218 476 272 546 ris,
306 493 408 536 novum
441 474 468 532 ei
497 478 526 531 et
553 469 637 552 bajus
661 466 830 552 argumenti
858 487 970 527 carmen
1000 467 1114 548 aliquod

220 576 345 636 offerret
410 561 413 578 ¹
509 560 513 570 ¹
1021 641 1028 650 ,

302 672 486 736 Verisimilior
519 672 589 734 baec
620 671 703 752 hujus
736 670 778 733 rei
810 669 866 730 erit
898 665 982 730 ratio.
1036 670 1115 730 Inter

219 797 316 860 agros,
339 775 386 854 qui
409 772 592 835 distribuendi
613 792 631 830 a
653 769 805 836 triumuiris
830 770 971 849 propositi
989 769 1114 842 fuerumt,

219 897 302 958 quum
329 895 401 956 ager
428 893 540 953 quoque
567 872 767 932 Cremonensis
794 879 885 942 esset3
919 872 990 931 haee
1012 871 1115 951 juveni

217 978 329 1036 Andino
357 995 444 1036 eausa
466 981 548 1044 crat,
580 991 637 1046 eur,
659 972 804 1056 ingeniosi
828 973 918 1054 legati
931 1015 940 1044 ,
971 973 1052 1052 eujus
1080 974 1116 1031 de

219 1077 393 1136 sermonibus
415 1081 444 1134 et
466 1075 578 1154 scriptis
599 1073 675 1134 fana
696 1075 868 1156 provinciam
899 1081 1115 1154 peragraverat,

220 1196 303 1259 quum
332 1177 447 1258 primum
470 1177 598 1246 deceret,
635 1175 859 1237 benevolentiam
881 1173 934 1234 sibi
961 1175 1116 1234 conciliare

219 1280 312 1342 vellet.
355 1277 453 1355 Neque
474 1276 612 1335 Pollionis
635 1275 735 1336 deerat
755 1276 856 1355 pudori
873 1275 993 1356 juvenili
1014 1277 1115 1338 cobor-

220 1379 306 1449 tati03
329 1378 424 1454 itaque
437 1377 573 1458 Virgilius
588 1396 675 1436 veruo
688 1385 823 1457 tempere,
841 1378 885 1439 vel
901 1377 1006 1438 Martio
1018 1396 1115 1442 mense

222 1478 266 1540 vel
283 1477 383 1556 Aprili,
405 1477 476 1536 lianc
492 1477 620 1560 eclogam
640 1479 834 1562 comperiebat,
856 1497 938 1556 quae,
960 1477 1027 1538 laeti
1040 1479 1115 1538 ruris

219 1580 400 1640 securitatem
421 1579 604 1650 adumbrans,
643 1586 673 1638 et
695 1578 898 1661 indulgentiam
923 1578 1060 1661 praefecti
1085 1587 1116 1640 et

221 1681 335 1763 insigne
357 1680 418 1760 ejus
438 1680 582 1740 Musarum
607 1680 728 1739 studium
747 1681 885 1740 laudaret.
929 1682 987 1740 lmo
1007 1681 1115 1740 Pollio-

221 1781 265 1842 nis
291 1781 403 1862 aliquae
419 1781 532 1842 fabulae
549 1781 577 1840 iu
602 1781 721 1840 theatris
733 1781 952 1860 provincialibus
968 1789 1116 1861 spectatae

222 1903 285 1942 esse
307 1882 461 1954 debebant,
495 1902 578 1961 quum
605 1881 732 1963 tragicos
760 1883 821 1962 ejus
844 1884 959 1961 spiritus
984 1889 1116 1963 pastores

221 1984 348 2042 Andioos
365 2005 392 2044 v.
407 1992 542 2044 86-89
561 1989 644 2060 polita
661 1982 836 2042 celebrantes
853 1982 949 2042 faeiat.

306 2083 388 2142 0bvii
400 2089 493 2140 autem
505 2083 619 2140 ineunte
632 2081 722 2161 Aprili
737 2082 765 2138 in
778 2082 889 2160 publico
901 2103 1016 2163 pascuo,
1040 2085 1114 2163 quod
1170 2161 1173 2168 Δ

223 2181 330 2242 declive
350 2183 385 2242 ad
402 2181 535 2241 Mincium
553 2183 707 2263 vergebat,
730 2181 875 2242 Menalcas
898 2191 927 2243 et
949 2183 1114 2257 Damoetas,

219 2291 293 2364 'quos
316 2291 445 2363 pastores
469 2285 597 2342 Audinos
620 2289 706 2363 poeta
727 2281 825 2354 fiuxit,
851 2285 968 2363 primum
987 2286 1047 2345 tela
1067 2289 1115 2368 ja-

222 2386 300 2445 ciunt
320 2386 442 2445 rusticae
464 2385 636 2457 dicacitatis,
665 2404 738 2464 quae
759 2391 867 2444 tantum
888 2387 983 2457 abest,
1012 2395 1045 2446 ut
1067 2389 1114 2448 rel

221 2486 390 2546 urbanitatis
409 2486 453 2546 vel
479 2490 562 2546 aulae
583 2485 711 2558 facetiis,
743 2485 854 2545 minime
877 2507 945 2548 vero
967 2488 1039 2548 mala
1062 2489 1114 2548 do·

223 2594 331 2646 aterum
358 2605 449 2646 novae
476 2586 616 2646 Arcadiae
645 2585 826 2646 affectatione
854 2587 951 2648 limata
978 2589 1033 2660 sit,
1064 2598 1113 2662 ut,
1200 2623 1201 2652 ς

193 2737 194 2740 ,
223 2705 295 2766 quae
317 2705 380 2744 esse
396 2685 524 2756 debebat,
544 2686 636 2744 solida
654 2686 693 2744 sit
710 2693 739 2746 et
753 2687 873 2766 simplex
894 2689 1028 2748 dicacibus
1044 2709 1120 2766 acu-¹
1200 2653 1201 2736 l

222 2787 275 2846 leis
296 2785 434 2846 interdum
452 2786 557 2845 rustico
572 2787 776 2867 pungentibus:
798 2796 977 2868 postremum,
998 2797 1034 2850 ut
1048 2811 1114 2852 car-

221 2887 295 2948 mine
318 2893 442 2958 certent,
469 2906 501 2945 se
524 2893 693 2966 provocant,
723 2894 753 2946 et
773 2890 926 2949 Palaemon
948 2891 1057 2952 vicinus
1078 2893 1114 2953 lit

221 2988 336 3056 arbiter.
379 2986 532 3046 Exordium
551 2995 581 3046 et
597 2988 668 3048 alios
686 2989 765 3076 locos
785 3010 823 3049 ex
841 2998 941 3069 quinto
960 2999 990 3050 et
1010 2994 1113 3071 quinto

220 3087 371 3146 Theocriti
400 3087 496 3165 idyllia
524 3095 651 3148 nostrum
679 3088 742 3169 quis
771 3091 926 3150 contendat
947 3093 1113 3157 derivasset

220 3189 271 3248 sed
295 3186 444 3268 ingeniosa
466 3188 589 3248 imitatus
620 3198 685 3262 est,
714 3191 942 3270 quemadmodum
968 3195 996 3252 in
1022 3205 1112 3258 catatu

220 3287 345 3350 senuas
365 3287 498 3350 imitando
520 3291 692 3370 propositum
713 3292 858 3372 exemplar
883 3311 1019 3372 superare
1039 3298 1112 3360 vult.
