2446 3972
186 229 235 292 96
437 217 593 280 ECLOGA
614 219 676 294 Vll,
699 224 836 280 ott-70.

119 457 127 465 ,
186 390 355 466 Populus,
391 395 421 447 et
442 389 506 448 alba
527 395 557 446 et
579 387 677 469 nigra,
711 394 787 446 amat
808 388 968 460 humorem3
991 387 1081 447 miuus

187 487 308 572 populus
330 490 459 550 tremula.
502 488 624 561 Abies,
655 481 762 566 ἐλάτη,
791 488 879 547 Abies
901 486 1008 548 femina
1028 496 1082 562 est,
1205 481 1206 496 ¹

188 596 272 674 pinus
295 594 382 652 Abies
404 611 516 671 quoque
538 599 567 650 et
582 591 672 668 'pirrus
693 592 758 650 alba
779 590 871 663 dicta,
893 591 1002 650 Pium
1027 593 1083 652 Pr·-

186 717 247 758 σιω
259 696 322 755 L..·
345 715 418 773 quae
439 703 552 752 centum
574 701 604 750 et
625 691 833 772 quinquaginta
855 693 942 771 pedes
964 694 1082 772 amplius

186 796 301 878 frigidis
324 797 351 854 in
373 793 534 855 montibus
556 794 661 874 surgit.
705 795 822 853 Abietes
845 801 874 852 et
888 793 1001 866 larices,
1025 795 1082 854 Pli-

187 900 252 960 uius
274 898 379 977 iuquit,
416 917 453 955 ex
484 895 613 960 omuibus
634 895 783 954 arboribus
806 893 960 954 altissimae
982 916 1016 954 ac
1038 915 1082 956 rc·

150 991 153 998 ¹
188 1001 330 1062 ctissiurae
356 1006 440 1058 suut:
463 999 492 1058 iu
515 999 605 1057 malus
626 1004 656 1057 et
677 1007 818 1056 antennas
840 995 964 1056 levitatis
986 997 1083 1078 gratia

94 1127 100 1142 ι
188 1103 267 1163 abies
289 1101 421 1184 eligitur3
443 1099 655 1159 laudatissimae
678 1105 743 1158 sunt
765 1099 794 1158 in
811 1099 929 1177 Alpibus
946 1105 1083 1160 etmootc

188 1205 338 1283 Apennino
365 1203 440 1262 Plio.
462 1203 546 1273 Xl'l,
574 1210 625 1264 76.
669 1202 739 1260 Cum
768 1186 812 1260 bis
833 1200 978 1260 altissimis
1000 1202 1083 1261 arbo·

188 1306 268 1366 ribus
293 1326 345 1365 suo
375 1326 437 1365 cum
463 1323 574 1384 quaque
596 1303 624 1362 iu
646 1303 711 1362 loco
731 1303 887 1382 Lycidas
908 1310 1029 1364 venusto
1051 1323 1083 1362 sc

191 1427 356 1486 comparare
383 1407 494 1478 licebit,
523 1412 685 1484 postquam,
715 1407 816 1464 crebro
839 1414 978 1464 amantem
1001 1423 1083 1464 suam

185 1499 388 1578 ,conveniebar
401 1515 576 1567 venustatem
598 1527 677 1564 suam
701 1507 823 1566 auxerit.
868 1507 901 1566 si
924 1507 1008 1566 modo
1030 1507 1084 1566 boc

190 1610 377 1688 interpretes,
409 1608 457 1687 qui
479 1608 582 1668 victum
605 1607 739 1666 nolebant
761 1609 889 1686 Thyrsin
912 1627 1083 1690 agnoscere,

191 1711 273 1772 nimis
302 1731 392 1791 paene
419 1709 580 1784 ridiculum,
614 1709 689 1789 quod
721 1710 920 1782 committitur,
954 1711 1028 1790 apud
1051 1729 1084 1770 se
1200 1771 1203 1776 ,

190 1814 386 1894 reputaverint
408 1814 534 1872 carmen!
568 1812 676 1876 Cedat
696 1812 800 1872 merito
817 1812 952 1872 Heinsius
974 1833 1010 1872 ex
1033 1833 1085 1872 au·

191 1916 356 1996 tiquissiaris
388 1915 467 1975 libris
498 1915 612 1995 scriptis
645 1914 784 1987 restituit3
827 1923 958 1974 eventura
991 1911 1084 1996 nro'gis

191 2019 275 2078 etiam
298 2018 390 2078 reddit
411 2018 563 2088 incertum,
594 2036 675 2095 quam
697 2018 809 2078 cedet:
837 2017 914 2095 quod
936 2025 1085 2096 praeterea

192 2139 253 2179 cum
276 2125 406 2178 recisas
428 2126 459 2178 et
479 2118 570 2198 ipsum
592 2118 761 2200 congruerit
783 2118 835 2190 vt,
859 2127 909 2178 11.

278 2228 377 2284 69-
395 2227 447 2282 70.
499 2220 673 2293 Meliboeus,
700 2219 791 2278 Musis
818 2239 899 2298 opem
926 2217 1084 2282 ferentibus

191 2343 220 2386 v.
249 2330 303 2396 19,
332 2325 432 2383 borum
460 2329 569 2412 tautum
598 2321 722 2382 meminit
744 2323 917 2382 alternorum
939 2341 1083 2393 versuum3

191 2425 221 2486 ἰιι
243 2426 287 2484 bis
309 2434 402 2485 nutem
425 2445 481 2482 uon
505 2425 611 2496 minus,
640 2417 722 2502 quarn
745 2423 773 2482 in
797 2422 933 2494 caeteris,
956 2423 1083 2482 Tbirsin

192 2545 210 2584 a
240 2526 389 2604 Daphnide
419 2525 527 2584 arbitro
557 2525 660 2585 victum
682 2525 854 2584 declaratum
877 2545 950 2584 esse.
994 2525 1084 2584 Acuta
1205 2547 1206 2550 ¹

191 2631 279 2704 poeta
312 2625 462 2682 mendosas
494 2627 649 2703 'lbyrridis
681 2627 841 2686 sententias
874 2628 927 2685 sub
955 2627 1085 2706 poeticae

192 2725 385 2804 eloquutioais
418 2732 449 2783 et
477 2725 598 2802 rbytbmi
624 2727 715 2787 ruelici
743 2729 895 2806 splendore
922 2728 1084 2786 occultavit.

192 2828 317 2908 Thyrsis
339 2827 433 2905 aliqua
455 2832 548 2888 taruco
570 2847 602 2886 re
624 2829 755 2908 speciosa
777 2830 867 2908 plebis
887 2828 1014 2890 favorem
1030 2829 1084 2888 sibi

193 2925 361 2990 conciliasse
384 2930 519 3002 debebat,
552 2937 592 2990 ut
607 2931 721 3012 dignus,
744 2931 792 3009 qui
814 2933 850 2990 od
873 2930 1003 2991 eximiam
1025 2931 1085 2990 lau·
1205 2967 1206 2970 =

196 3031 259 3089 dem
281 3033 436 3110 aspiraret,
457 3033 547 3094 videri
570 3040 678 3112 posset.
721 3033 801 3093 llaec
823 3035 935 3092 tandem
958 3033 994 3092 ab
1016 3031 1085 3091 orti·
1127 3111 1132 3118 Ι
1205 3050 1206 3104 p

194 3129 249 3192 fice
281 3133 445 3212 Daphnide,
481 3135 623 3194 Meliboea
657 3135 870 3211 consentiente,
905 3135 1026 3195 diremta
1052 3134 1087 3193 lir

196 3234 354 3312 Corydonis
381 3233 511 3294 meritum
539 3243 601 3294 toto
630 3235 659 3294 iu
682 3255 781 3316 campo
804 3256 911 3317 pascuo
934 3235 1086 3296 confirma-

195 3334 264 3394 brt.
297 3336 490 3401 Quintilianus
511 3335 541 3393 Χ
563 3358 590 3416 p·
613 3344 677 3398 230
699 3338 745 3398 ed.
764 3339 826 3418 bip.
850 3339 886 3399 de
907 3337 1087 3417 eloquentiae

196 3435 344 3512 operibus:
377 3437 455 3508 ille,
492 3434 596 3514 inquit,
629 3458 665 3499 re
683 3427 870 3514 profecisse
891 3443 995 3512 octar,
1030 3442 1086 3498 cui
