2392 3986
189 231 256 294 ifle
326 266 335 278 ..
440 221 596 284 ncnoes
618 223 665 283 iv.
691 227 841 284 11-17.

189 392 335 452 et'uersm
356 391 557 462 pontonos,
579 391 705 470 qoipost
723 391 761 450 sd
780 390 844 470 pias
864 403 966 470 preces
986 397 1017 452 et
1036 411 1082 452 ss·

190 491 297 552 criticis
308 499 417 552 tsntum
426 491 616 553 adveniebant
628 511 720 570 neque
741 492 897 570 conspicuis
940 491 1083 565 Herses,

190 593 210 654 i.
232 607 260 654 s·
281 593 335 656 viri
355 592 446 653 fortes
466 594 511 653 vei
533 594 663 664 semidei,
688 594 739 654 viri
758 593 935 672 antiquitatis
950 593 1084 674 appellati

191 701 272 768 sunt,
294 695 342 774 qui
363 695 400 752 ob
422 694 570 774 egregium
590 695 723 755 virtutem
745 715 797 772 pro
818 702 916 754 setuts
936 687 1004 768 sus,
1028 711 1085 774 qua

140 815 142 818 ·
191 794 330 856 fortitudo
367 794 479 874 plurimi
510 795 728 866 sestimsbstur,
768 795 949 854 humanarum
984 796 1085 857 virium

192 898 304 956 modum
330 909 493 974 superero„
508 895 604 974 itaque
626 895 721 955 divine
748 897 878 976 origine,
911 896 1014 957 diurnis
1035 898 1085 956 tro·

193 998 309 1058 moribus
331 997 411 1079 digni
433 1017 497 1056 esse
518 998 694 1059 videbantur.
737 998 876 1056 Fortasse
892 997 1029 1077 Virgilius
1050 999 1086 1056 sd

193 1099 303 1158 nobiles
324 1104 429 1182 gentes
455 1099 616 1178 respexerit
638 1099 683 1159 vei
705 1098 878 1158 Brundisino
898 1118 969 1176 pecc
990 1118 1086 1160 servs-

195 1205 241 1259 ω
272 1200 318 1262 vel
350 1207 465 1280 sperate
502 1217 563 1260 cum
599 1201 631 1258 S.
662 1199 799 1279 Pompejo
828 1218 898 1277 pecs
920 1198 1085 1268 servandas,

195 1318 269 1379 quos
299 1302 383 1360 lande
414 1302 442 1358 in
475 1301 611 1360 Romanis
644 1300 769 1358 historiis
806 1297 964 1359 commotae
994 1278 1086 1358 erent.

202 1399 373 1463 Videbrtur
402 1402 478 1458 illis
511 1401 592 1458 deest
626 1406 840 1478 permixtae.-
884 1400 1087 1460 sententiarum

193 1500 343 1579 interpreti
371 1501 442 1559 heco
474 1499 548 1558 illico
576 1502 718 1561 sententis
744 1502 883 1574 occurrit3
917 1501 1087 1580 syilsbarum

196 1621 300 1680 suecps
322 1601 443 1680 ineptias
465 1619 576 1678 quoque
599 1609 770 1682 extorquere
792 1610 905 1682 putestz
927 1602 1012 1660 heros
1033 1601 1088 1660 iliis

197 1722 262 1761 esse
282 1701 439 1772 videbitur,
471 1701 507 1761 ab
535 1701 590 1760 illis
619 1704 818 1783 conspicietur.
860 1702 1019 1780 Regem
1040 1721 1088 1782 pa·

116 1867 118 1872 ,
198 1803 254 1862 esti
275 1803 371 1873 orbis,
393 1802 468 1880 quod
485 1803 600 1881 juvenis
619 1804 727 1876 Pollio,
748 1809 863 1882 patris
879 1804 939 1883 jam
961 1811 1020 1860 tum
1041 1804 1089 1862 tre·

197 1903 258 1962 reis
278 1902 349 1963 facti
380 1904 563 1964 virtutibus
589 1903 687 1984 (quom
715 1901 899 1980 honorifice!)
935 1903 1090 1960 instructus

198 2004 418 2075 administrabit,
449 2006 516 2063 ninii
538 2006 614 2065 eliud
636 2025 699 2064 esse
722 2011 818 2083 potest
837 2009 952 2080 praeter
972 2022 1089 2062 emus·

199 2106 305 2164 hun
326 2105 453 2165 liberae
474 2107 680 2180 reipublicae
712 2125 739 2164 v·
762 2111 812 2162 48.
856 2102 975 2162 Etiamsi
996 2111 1089 2182 putta,

200 2217 283 2284 mum
305 2206 461 2266 ordinstsm
489 2224 564 2266 anno
589 2204 749 2264 DCCXVH
769 2202 965 2282 rempublicam
987 2204 1090 2284 populo

199 2307 351 2367 restituere
372 2307 528 2366 Triumviri
549 2307 758 2384 promisissent,
781 2323 837 2363 nen
859 2323 898 2363 ex
920 2303 1006 2363 enimi
1027 2322 1090 2364 sen·

201 2408 291 2466 uana
312 2408 341 2466 id
362 2421 413 2466 sos
434 2408 597 2487 promisisse
606 2407 765 2487 judicaret,
787 2413 879 2466 umen
902 2405 1090 2484 suspicionem

201 2525 280 2564 suan
301 2508 444 2565 temerarii
465 2516 528 2566 erat
548 2509 638 2584 poium
660 2506 765 2566 fecere.
809 2507 948 2588 Regalem
966 2507 1091 2564 domins-

202 2605 323 2675 tionem,
344 2623 426 2682 quara
448 2606 598 2683 populures
620 2625 704 2664 aures
726 2605 955 2678 detestabuntur,
988 2604 1089 2664 nemini

203 2702 415 2782 eimpetitoruor
430 2711 488 2762 tum
509 2704 644 2783 temporis
665 2705 727 2764 sine
748 2707 836 2766 mults
855 2707 961 2768 invidie
977 2713 1091 2784 porten-

204 2799 409 2878 dere'lieebat3
441 2810 471 2864 et
491 2806 630 2883 quomodo
652 2826 687 2865 ee
707 2809 895 2868 Saturniae
916 2811 1042 2866 aetatis
1062 2805 1090 2863 in

111 2927 117 2934 ·
159 2927 166 2946 ·
203 2906 360 2964 libertatem
381 2907 483 2966 cadere
504 2907 642 2985 potuerit,
665 2907 745 2986 cnjus
767 2907 900 2965 memoris
921 2908 949 2965 in
969 2909 1091 2965 Snus·

203 3006 339 3066 sals'bus
368 3007 452 3066 etiem
480 3021 624 3068 servornm
651 3007 867 3065 manumissione
893 3007 1026 3065 simulato
1046 3026 1091 3064 cc-

204 3106 308 3168 lebrari
335 3107 461 3167 solebott
510 3107 606 3168 Orbis
634 3114 728 3166 terroe
756 3114 822 3166 sunt
842 3107 963 3165 Romani
985 3105 1091 3184 imperii

205 3207 308 3266 circum
337 3228 413 3266 more
441 3208 688 3278 mediterraneum,
716 3216 830 3286 praeter
856 3226 926 3286 quas
956 3205 984 3265 in
1008 3211 1091 3266 ormo

206 3307 310 3367 circulo
333 3308 476 3376 doctrine,
499 3321 580 3382 quom
601 3307 637 3365 de
658 3309 761 3366 mundo
782 3308 839 3366 ista
859 3313 940 3366 setas
961 3325 1091 3384 suscepe-

206 3414 267 3478 rat,
293 3405 419 3466 mo'dicss
440 3405 547 3486 striges
567 3413 599 3465 et
619 3407 741 3488 ungulos
762 3407 874 3468 invictis
895 3407 1006 3488 populis
1026 3421 1091 3466 oon·
