2392 3986
206 259 362 320 ECLOGA
383 259 430 320 Ν.
452 259 684 320 occurremur
705 259 918 322 urrunnu.
947 265 1012 328 ut

119 436 154 488 nt
174 428 275 488 turbes
297 427 458 487 triumviros
480 429 516 488 od
547 427 704 506 portionem
726 429 912 488 Misenensem
939 429 1013 488 bend

120 529 238 591 difficile
257 529 409 609 adegerint
423 525 463 609 ⁹).
506 527 612 588 Portus
632 529 695 600 iiie,
727 529 803 609 quod
824 530 947 601 cecedit,
977 531 1014 589 od

120 651 213 710 utrem,
235 631 312 708 quod
332 629 454 708 scriptur
475 647 567 688 rerum
587 631 776 690 Romanarum
797 649 880 690 nemu
899 631 944 691 vei
965 632 1015 690 ob·

121 731 284 792 marteine
312 730 444 821 opinetur
464 737 524 802 est,
558 731 678 791 Romani
699 730 826 790 bomines
847 731 1015 791 iustissimos

122 853 187 914 spes
208 830 342 892 retulisse
363 831 508 904 dicuntur,
535 831 564 889 in
586 831 675 910 ipsum
696 831 890 912 insequentem
911 853 1015 892 cunum

120 934 235 1005 incidit,
266 931 529 1012 postquuml'oiii'o
546 933 606 1011 jum
628 940 695 992 onte
715 934 798 1013 bujus
819 934 925 993 exitum
947 953 1015 993 con·

121 1035 216 1096 suietu
238 1053 271 1093 se
292 1033 483 1094 abdicaverat.
523 1032 668 1111 Denique,
700 1028 732 1092 ut
753 1054 856 1115 rugum
877 1039 1015 1112 somnium

121 1134 415 1214 scorcioneipionrus,
443 1133 727 1212 incircumspectum,
756 1153 839 1222 quum
862 1136 1014 1213 praedium,

121 1257 178 1316 qno
201 1236 339 1315 spolietur
360 1233 471 1307 irrueret,¹
501 1253 607 1316 mogun
629 1227 721 1293 enimn
749 1233 910 1293 restitutum
932 1235 1016 1294 bube-

121 1345 176 1410 ret,
198 1337 242 1395 ito
262 1337 406 1396 exarsisse
426 1335 546 1408 iustitio,
567 1343 600 1394 nt
618 1336 832 1396 commotionem
853 1336 938 1396 enimi
960 1343 1016 1396 ιιιιι

121 1440 220 1498 mirem
233 1437 262 1496 in
285 1438 513 1498 vaticinotionem
524 1437 680 1498 Octaviano
702 1437 869 1496 effunderet.
912 1437 1016 1496 Verum

121 1540 189 1619 quid
211 1545 283 1611 eret,
305 1538 380 1618 quod
402 1537 635 1598 officiosissimum
656 1537 876 1619 grutuiotionem
897 1540 934 1598 de
951 1557 1015 1618 spe·

121 1647 186 1700 reto
207 1641 319 1700 beredo
333 1641 441 1719 imperii
462 1639 589 1719 nosipsi
611 1639 774 1718 imperatori
787 1640 882 1700 dicere
902 1641 1015 1700 meiieti

123 1744 182 1802 eor
202 1742 300 1821 inepte
322 1760 384 1802 eoru
405 1741 531 1800 Pollioni
552 1740 721 1812 inscribere,
748 1741 831 1820 cujus
850 1741 959 1800 enimus
979 1742 1015 1800 de
1068 1766 1079 1796 a

123 1859 298 1922 quocumque
318 1842 434 1921 irnperio
455 1841 539 1900 unius
560 1841 589 1900 in
612 1841 774 1902 universum
795 1841 905 1913 orbem,
933 1861 1025 1920 pree-1

56 2000 62 2017 ,
123 1945 220 2004 sertim
242 1942 404 2013 dicturiunt,
426 1941 451 2000 si
472 1959 570 2019 penum
591 1959 654 1998 eum
676 1949 714 1998 e'x
736 1940 876 2019 prioribus
898 1942 1015 2000 notioni·

121 2047 176 2106 bus
198 2051 227 2103 et
248 2042 431 2104 tumidioribus
452 2041 627 2102 sermonibus
648 2040 793 2122 cognitum
814 2041 944 2112 liaberet,
978 2061 1015 2100 ex

122 2147 214 2214 reum
229 2145 283 2204 boc
304 2163 380 2203 enno
401 2143 493 2225 gestis
514 2143 560 2204 vei
589 2142 776 2202 hebetissimis
798 2142 887 2202 ocutis
908 2144 1015 2223 perspi·

122 2267 192 2307 cuns
214 2248 296 2304 croti

208 2346 386 2420 Quicumque
411 2341 487 2399 euim
509 2339 610 2398 beilum
637 2340 719 2400 civite
740 2341 930 2397 Romanorum
957 2361 1014 2400 non

121 2447 238 2510 omnino
268 2441 451 2521 negligenter
471 2439 657 2520 cognoverit,
694 2439 719 2496 is
739 2438 910 2498 intellectum
930 2441 1015 2500 bube-

120 2551 175 2620 hit,
198 2540 426 2623 quemadmodum
438 2539 608 2621 reipublicae
629 2538 773 2598 studiosos
784 2537 872 2600 fnisse
893 2541 1014 2614 nomine,

121 2649 170 2729 qui
192 2663 263 2708 vere
289 2643 383 2703 omnio
403 2643 460 2703 oiie
487 2661 569 2722 quern
590 2642 749 2701 iibertetem
777 2647 806 2700 et
826 2642 945 2720 putrium
966 2663 1014 2702 co·
1137 2639 1141 2648 “

123 2751 261 2832 giterent
284 2745 326 2805 itu
345 2743 434 2804 fuine
455 2743 689 2804 Caeserionornrn
710 2761 830 2822 quoque,
853 2763 924 2821 qnos
945 2744 1015 2802 mul·

124 2851 235 2930 tipiices
256 2847 384 2907 rationes
405 2852 435 2905 et
456 2865 557 2916 curse,
586 2863 641 2922 quo
663 2844 773 2902 minime
794 2843 912 2912 velient,
939 2860 1014 2901 com-

125 2951 270 3030 pciicrent.
314 2945 417 3005 Teiem
448 2946 558 3024 quidem
586 2943 700 3002 Asinius
725 2939 819 3001 Pollio
840 2959 873 2998 se
899 2941 1014 3021 profite-

126 3058 172 3110 tur
191 3049 282 3110 iiteris
303 3048 379 3107 iectu
407 3044 595 3125 dignissimis,
623 3061 696 3121 quae
717 3042 755 3099 ed
776 3040 942 3101 Ciceronem
962 3039 1014 3123 (Χ.

127 3146 277 3230 31-33)
299 3148 423 3228 scriptae
438 3148 514 3214 suot,
537 3142 647 3221 quous,
668 3161 751 3222 quum
773 3141 1014 3204 beilobintinensi

129 3271 200 3310 enno
221 3250 341 3310 DCCXi
362 3245 518 3328 Hisponioe
538 3243 666 3302 ulteriori
690 3250 844 3324 proeesset,
866 3231 1015 3303 amicitiem

195 3465 224 3532 ·)
257 3463 348 3518 uum
365 3461 485 3530 xcvm,
502 3419 545 3516 ss
