2424 3994
229 283 233 294 ,
336 237 339 242 ’
376 233 528 294 naboon
550 235 586 294 ll.
610 243 753 300 19-27.
956 256 1013 316 ’49

119 385 276 464 Albenses
309 401 424 476 licitur,
468 403 650 465 Lawsons‘a
686 393 834 467 inermis·
852 410 894 472 L.
950 416 1011 478 lloe

119 503 295 564 recentiores
323 511 445 584 negant3
480 513 573 564 tamen
601 505 729 565 Pinedae
754 509 922 588 glossarium
949 515 1010 577 Al·

71 599 72 604 *
117 603 230 665 henna
238 583 540 683 Hispanumvocabulo
558 595 892 686 privetinterpretatur.
931 616 1011 677 Hunc

119 689 453 783 sauromatarum
475 711 712 767 annuorum
738 709 824 788 niqui
846 732 911 772 esse
937 715 1011 776 uice-

119 808 203 877 baot,
238 806 267 864 id
288 806 411 865 candore
437 809 545 866 tannem
573 806 652 866 lloris
680 814 710 866 ot
737 829 760 868 a
787 813 928 889 ligando
956 818 1012 876 ori-

98 973 102 980 x
120 909 204 988 gine,
226 907 302 964 unde
322 906 418 984 inepte
440 908 525 986 aliqui
547 908 600 967 boc
621 909 735 968 verbum
757 918 853 971 uatum
876 935 940 975 esse
960 938 1011 996 pu·

120 1009 230 1078 tabant,
252 1005 304 1064 niti
324 1005 445 1066 videtur.
496 1006 691 1081 Vaceim'om,
714 1010 896 1074 Dioscorides
914 1017 1010 1092 refert,

122 1108 307 1188 appellavisse
337 1109 481 1165 Romanos
511 1109 646 1166 minorem
674 1111 794 1186 speeiem
822 1114 1009 1192 Delphinis,

121 1229 194 1288 quae
207 1210 313 1268 simul
322 1207 440 1266 Graecis
462 1207 603 1288 aliquibus
616 1209 783 1286 hyacinthus
804 1215 1011 1286 nominabatur:

122 1311 254 1390 quoniam
275 1309 367 1388 bajus,
389 1309 618 1388 quemadmodum
641 1309 782 1387 hyacinthi
802 1315 916 1393 proprie
935 1317 1011 1389 dieti,

121 1412 263 1470 internum
284 1406 395 1481 solium,
423 1411 504 1489 cujas
525 1410 631 1468 candor
652 1413 789 1471 caeruleis
810 1412 893 1473 lineis
914 1416 1012 1476 distin·

121 1512 235 1592 guitur,
268 1511 353 1569 babet
372 1511 409 1568 Al
438 1511 552 1582 literas,
567 1511 633 1570 sed
650 1512 757 1591 jejunis
785 1515 914 1576 ductibus
940 1520 1013 1578 anti·

122 1611 239 1690 quitatis
260 1611 395 1689 scriptos,
425 1611 486 1671 sive
507 1612 532 1668 A
554 1611 630 1671 nulla
657 1612 732 1672 linea
749 1595 936 1693 'disjunctam
968 1621 1013 1680 ael

123 1713 324 1782 Vinversum,
357 1711 431 1789 quod
457 1711 643 1791 Hyacinthe·
669 1715 834 1793 principium
862 1717 907 1776 sit.
956 1720 1014 1778 Pli-

123 1813 187 1872 nius
209 1818 301 1871 autem
323 1817 466 1871 saccinti
488 1833 552 1872 esse
574 1814 665 1884 dicit,¹
691 1834 763 1891 quae
785 1815 911 1876 bulbooei
931 1815 1014 1898 lepa-

124 1911 228 1973 crathi
250 1919 332 1984 sunt,
365 1932 420 1990 quo
442 1913 554 1972 nomine
577 1915 705 1988 Graecus
727 1916 884 1974 caeruleum
906 1918 1015 1996 gladio-

123 2016 178 2073 lum
200 2013 275 2074 Irs'r
289 2013 502 2096 Germanica
522 2013 565 2076 L.
596 2020 625 2072 et
653 2013 733 2072 iridis
754 2015 863 2094 speeies
893 2015 957 2076 huie
977 2017 1015 2075 si-

124 2116 204 2174 miles
225 2115 356 2194 appellat‚
379 2131 453 2193 quae
472 2115 757 2176 varietate-colorum
779 2135 841 2175 oum
861 2137 929 2177 arcu
951 2137 1016 2178 coe·
1110 2189 1112 2194 .

124 2215 190 2274 lesti
212 2217 387 2274 contendunt
409 2211 458 2284 ΙΙΙ,
471 2223 543 2275 106.
565 2213 619 2273 Lb.
632 2217 679 2286 lV,
702 2224 857 2278 137.183.
907 2219 1017 2280 Vacci·

124 2321 232 2389 olom,
263 2313 397 2374 credibile
420 2319 480 2380 eet,
506 2331 544 2368 ex
564 2309 742 2388 hyacintho
765 2322 923 2392 corruptum
945 2337 1018 2378 esse.

212 2419 359 2476 19-27.
402 2407 478 2475 auid
505 2410 616 2469 tandem
639 2415 696 2481 est,
731 2429 781 2470 our
801 2433 844 2472 me
871 2413 1018 2494 despicias,

123 2515 232 2578 Alexil
275 2513 349 2570 Vere
370 2509 532 2590 praefectus
558 2531 615 2594 ego
637 2511 739 2572 nobilis
761 2519 791 2572 et
815 2513 894 2576 dives
923 2523 1019 2596 pasto-

124 2637 189 2678 rum
210 2633 272 2674 sum
295 2620 442 2685 19—22,
465 2615 685 2687 cantus‘etiam,
718 2633 800 2694 quom
821 2615 868 2696 qui
889 2617 1019 2692 maxime,

126 2718 236 2799 peritus
259 2721 403 2787 23-24,
426 2720 456 2774 et
479 2716 589 2776 minime
611 2715 745 2814 deformis
765 2723 914 2796 praeterea
936 2723 1020 2782 25-

129 2827 178 2881 27.
227 2817 305 2889 Qua,
339 2823 543 2895 pervetustum,
577 2838 627 2896 pro
650 2817 762 2876 tritiora
784 2822 860 2896 quia
882 2817 965 2877 etiam
985 2820 1020 2880 li·

128 2920 242 2979 brorum
269 2916 471 2976 llaloionsiuna
521 2915 864 2994 Taarditassingularum
888 2916 1020 2999 longitu.

131 3020 224 3080 dinam
245 3018 329 3077 unius
350 3017 474 3094 syllabae
503 3035 567 3083 nec,
585 3021 644 3094 qni
671 3021 735 3074 aim
755 3014 951 3095 gloriationem
972 3039 1021 3078 au·
1093 3023 1096 3031 '

132 3127 183 3202 get
203 3097 372 3178 sententiae.
401 3116 552 3184 =llivitias³
585 3134 655 3193 quas
677 3114 804 3174 dominus
831 3116 857 3174 ei
879 3120 1023 3178 commise-

132 3228 190 3291 rat,
225 3240 293 3278 suas
323 3217 460 3298 magister
486 3215 597 3294 peeoris
625 3234 702 3289 more
729 3217 910 3278 servientium
938 3218 1023 3290 ducit,
1062 3266 1067 3275 ,

135 3322 208 3397 quod
229 3319 334 3398 aliquid
364 3326 457 3378 tamen
475 3319 619 3391 peculii,
655 3316 730 3395 quod
751 3336 831 3374 suum
852 3316 961 3378 lecerat
981 3319 1022 3377 in-

137 3420 256 3491 dustria,
288 3418 326 3506 55⁸«
344 3418 481 3480 intererat
500 3439 528 3480 v.
552 3411 603 3480 30.
645 3418 846 3496 Praeterquam
873 3417 902 3476 in
924 3416 958 3475 iis
980 3437 1023 3474 re·

792 3497 813 3560 l
