2394 3980
372 259 526 321 ucuoen
547 260 593 319 vt.
622 249 766 324 ar-to.
865 306 869 315 .
968 271 1011 334 m

130 425 239 498 mines,
271 427 318 506 qul
350 429 440 489 adbuc
472 428 531 488 bini
564 427 625 488 fere
656 428 686 486 in
712 427 856 488 salutar
881 429 1013 490 alimenta

129 535 270 607 quaerunt
289 529 343 588 Ιώ.
365 530 401 600 ll,
424 536 494 590 34⁰.
537 530 562 588 Α
583 527 731 608 principio,
752 527 903 588 Lucretius
923 529 1013 609 inquit

66 647 70 654 ’
130 629 169 701 l',
195 611 275 702 781,
297 629 338 688 ita
359 631 524 690 crescebant
544 630 620 689 circa
640 628 929 716 terreesup'erliciem
949 631 1012 690 ber·

128 726 183 789 bae
215 737 246 788 et
272 731 405 802 arbores,
438 732 665 810 quemadmodum
687 731 795 810 plumae
817 739 846 791 et
867 730 917 810 pili
938 731 1012 792 cirea

129 831 325 892 adolescentia
345 852 466 912 corpora
487 833 637 892 bestiarum
660 815 807 904 oriuntur3
830 841 931 912 postea
952 832 1012 892 ani-

129 939 207 993 mata
228 952 339 1012 quoque
360 953 482 1013 genera:
504 953 586 1012 quae,
607 933 681 992 sieut
701 934 791 993 adbuc
813 941 878 1012 post
892 933 1013 1022 pluviam

128 1033 214 1092 limus
245 1033 402 1112 tepefactus
429 1035 529 1094 multat
557 1034 691 1094 bestiolas
721 1034 859 1105 excludit,
886 1035 926 1094 ite
954 1041 1014 1094 nn

128 1134 284 1214 temporis,
309 1142 432 1223 propter=
447 1135 588 1216 juueoiles
614 1135 689 1195 vires
715 1135 847 1194 tumentis
868 1135 963 1195 calore
984 1143 1026 1196 etv

127 1236 249 1294 bumore
276 1242 370 1296 terrae
390 1244 421 1295 et
447 1237 594 1318 gignentis
620 1223 751 1308 aetheris,
774 1243 804 1296 et
823 1234 1016 1313 frequentiora

129 1343 159 1397 et
181 1339 291 1418 majora
311 1339 470 1417 prodibant.
512 1338 634 1398 Primum
651 1357 740 1398 verno
758 1337 851 1396 calore
863 1314 1037 1396 oolaem'

129 1457 168 1498 ex
195 1439 273 1512 ovis,
305 1439 348 1498 uti
375 1459 448 1526 nunc
469 1460 486 1499 e
507 1439 638 1500 folliculis
660 1439 774 1498 cicadae
795 1445 920 1512 aestate,
953 1439 1015 1498 exi·

129 1538 213 1612 baut3
237 1541 337 1601 deiude
357 1541 432 1602 intre
453 1549 547 1602 terrae
568 1540 658 1600 sinum
679 1540 753 1600 uteri
774 1536 894 1610 fiebant,
916 1559 932 1598 e
953 1538 1014 1617 qui·

128 1639 183 1700 bus
209 1643 341 1702 maturati
370 1650 400 1702 et
426 1643 551 1704 heatae
580 1653 734 1702 terrenae
761 1646 790 1700 et
815 1638 956 1702 homines
977 1641 1015 1700 atl

128 1741 221 1802 ham
252 1763 303 1822 per
329 1743 468 1804 foramina
494 1742 685 1812 enitebantur,
710 1749 747 1800 et
772 1740 897 1800 fontibus
923 1729 1015 1814 lactis,
1093 1732 1100 1740 ¹

129 1861 199 1901 mox
227 1851 321 1902 eutem
347 1843 416 1902 feris
438 1853 533 1904 terroe
553 1827 691 1900 fructibus
711 1848 847 1918 perpetuo
869 1862 935 1902 vere
957 1841 1015 1902 ale·

131 1941 246 2003 bantur.
288 1945 378 2004 Pauci
404 1945 494 2004 adbuc
519 1947 720 2013 animantes,
753 1943 930 2012 animalia,
958 1961 1014 2000 uon

8 2037 9 2040 '
130 2044 226 2124 magis
257 2045 366 2106 bestiae
391 2053 457 2106 sunt
486 2065 567 2124 qnam
594 2029 734 2114 homines,
768 2059 838 2120 quos
864 2041 1015 2104 Lucretius

131 2163 243 2224 qaoque
264 2147 304 2221 V,
326 2153 397 2208 789.
420 2155 491 2209 791.
515 2144 566 2227 (cf.
589 2146 627 2220 V,
650 2150 720 2206 820.
744 2142 828 2225 821.)
851 2147 1015 2204 animalia

131 2251 162 2305 ct
187 2250 347 2307 mortalia
373 2251 487 2306 saecla
513 2249 609 2306 diceus
635 2245 837 2322 complectitur.
880 2246 944 2304 Non
969 2266 1015 2307 se·

131 2365 183 2406 cns
204 2347 354 2418 Horatius,
382 2347 472 2406 Serm.
494 2347 521 2416 l,
549 2354 584 2416 3,
607 2353 662 2406 992
777 2397 779 2402 .

202 2479 286 2532 (tuum
305 2482 487 2546 prorepserunt
502 2474 590 2544 primis
608 2473 833 2540 animalie'terris,

201 2563 303 2614 Mutum
319 2567 346 2616 et
360 2567 435 2630 turpe
451 2577 546 2630 pecus,
569 2561 689 2627 glandem
706 2565 784 2630 etque
801 2557 895 2614 cobibe
910 2565 1016 2630 propter

161 2638 165 2656 ‘
201 2647 336 2713 Unguibus
352 2652 379 2699 et
395 2647 502 2714 pugnis,
521 2644 581 2699 dein
597 2645 817 2720 fustibus,.atque
833 2644 870 2698 ita
886 2661 963 2716 perro

201 2733 354 2798 Pugnabant
372 2732 463 2798 armis,
482 2749 548 2801 quae
564 2737 624 2800 post
640 2729 810 2784 fabricaverat
826 2746 897 2782 usus.

134 2853 188 2926 llic
216 2858 326 2914 tennis
351 2852 444 2910 ¹olbuo
464 2870 595 2912 numerus
616 2849 816 2928 spirantium
837 2862 870 2909 et
889 2854 1015 2908 aalma·

135 2965 240 3014 tarum
262 2973 435 3030 corporum
452 2941 566 3030 primum
578 2959 707 3030 pererrat
721 2971 772 3029 per
784 2962 906 3010 montes
919 2931 1016 3029 igno·

137 3063 186 3112 tes
221 3055 347 3133 quidem,
381 3053 432 3112 sed
458 3051 597 3112 fruetuum
625 3053 724 3130 plenos
751 3051 935 3123 silvestrium,
968 3051 1018 3132 qui

136 3159 202 3214 tnnc
228 3156 338 3234 quidem
365 3153 453 3216 Lucr.
483 3155 520 3226 V,
544 3158 748 3236 93⁵-th„
769 3160 799 3211 et
824 3153 965 3234 largiores
987 3161 1017 3218 et

136 3257 256 3336 majores
293 3263 378 3335 atque
408 3256 607 3338 generosiores
638 3255 812 3316 crescebant.
882 3255 928 3316 Ut
953 3262 1017 3334 post
1073 3253 1075 3256 ’

137 3373 250 3418 nom
275 3357 305 3417 in
331 3355 530 3444 llafniensibus
552 3375 662 3435 quoque
682 3356 760 3416 libris
782 3357 876 3429 deest,
907 3359 1016 3436 splen-

138 3457 268 3520 tlescere
293 3459 339 3534 Cr
365 3461 490 3520 cadunt
508 3457 561 3529 B,-
589 3463 758 3534 incipiunt
776 3455 820 3518 A.
867 3457 1015 3534 Ignaros
