2424 3994
416 223 569 284 ECLOGA
592 225 614 284 l.
649 229 762 285 1-5.>
982 235 1027 294 ’9

21 385 22 400 ἢ
129 387 169 453 υἷι
191 394 283 454 culmo
305 413 356 454 seu
378 394 536 454 bordeeceo
563 411 614 454 seu
636 387 795 464 avenaceo,
822 394 870 474 qui
892 412 961 472 prae
982 405 1025 452 se-

21 527 22 544 o
130 502 207 575 ptem
229 494 354 574 syringis
382 491 480 554 cannis
502 495 559 569 lll,
585 502 624 556 27
656 497 803 556 atridem
824 497 954 572 stipala
975 515 1025 552 no-

131 591 265 657 minetur.
309 596 416 655 Eadem
436 615 542 656 aaran
560 617 586 657 v.
603 605 644 658 10
666 597 789 656 commus
806 597 928 656 dicitur:
951 596 1026 674 quod

131 699 273 775 καλαμος
305 697 457 758 secuudum
486 698 654 780 Hesychium
689 705 730 758 et'
752 697 886 758 frumenti
920 699 1026 757 culmus
1066 744 1069 748 .

132 806 194 870 est,
224 805 254 857 et
284 798 389 858 listrdn.
433 801 545 858 Tamen
568 820 675 859 avena
706 780 797 878 aeque
819 821 853 860 ac
874 803 1026 860 calamae

67 981 70 986 Ι
133 901 170 960 de
192 919 358 978 quocunque
379 901 476 962 tubulo
494 921 580 980 saepe
602 901 704 981 dicitur
717 902 769 963 0v.
780 902 849 962 Met.
864 901 937 972 Vlll,
955 908 1024 983 19².
1038 898 1047 910 ”

131 1003 269 1062 Marcam
287 1003 443 1062 merlinum·
465 1003 556 1059 minus
578 1002 752 1081 populariter
773 1003 877 1062 dictum
898 996 1024 1073 videtur,

133 1111 228 1162 tamen
252 1101 387 1182 Virgilius
408 1123 466 1161 non
487 1103 528 1161 ito
549 1099 678 1180 quidem,
701 1101 930 1180 quemadmodum
952 1122 1026 1160 nunc

133 1205 225 1263 nostri
246 1211 349 1283 politae
370 1204 441 1262 istos
456 1203 629 1276 Arcadicos,
651 1223 740 1284 prope
761 1199 873 1264 divinos
894 1223 962 1262 suos
977 1223 1025 1282 pa-

110 1314 228 1365 .stores
249 1305 331 1376 fecit,
362 1307 412 1365 sed
434 1306 476 1364 ita
497 1305 568 1366 coeli
592 1305 727 1384 temperie
755 1312 927 1384 temperatos
948 1305 1026 1383 ipsos
1086 1377 1088 1384 y
1187 1371 1189 1380 Ι

132 1407 291 1478 moribus,-
308 1414 341 1466 ut
360 1407 486 1486 quotidie
512 1406 608 1465 fistulo
629 1413 791 1477 uterentur,
822 1427 914 1468 novas
938 1407 1025 1465 salto·

21 1525 22 1534 ¹
133 1510 227 1568 tiones
248 1509 465 1590 excogitarent,
487 1507 655 1568 carminibus
674 1515 833 1579 certarent,
856 1507 942 1569 etlris
963 1506 1025 1566 fere

131 1611 240 1669 lusibus
268 1609 355 1688 otium
383 1630 463 1669 sunm
485 1617 520 1669 et
536 1605 632 1669 festos
648 1610 676 1667 in
699 1610 779 1690 agris
802 1609 863 1669 dies
885 1609 1025 1668 exhilara-
1064 1626 1068 1634 ’

131 1718 207 1774 rent.
255 1712 380 1772 Patria
407 1713 434 1771 b.
459 1713 478 1772 l.
502 1730 595 1792 pagus
619 1711 737 1790 patrius.
786 1711 941 1775 Patriam
961 1714 1024 1770 lia-
1098 1743 1101 1746 ·

132 1818 264 1895 quimus
286 1835 314 1892 p.
333 1816 494 1890 fagineae
517 1833 573 1871 non
595 1813 656 1872 sine
677 1813 706 1874 vi
726 1813 891 1891 repetitum,
921 1818 954 1870 nt
974 1833 1024 1890 po-

132 1914 219 1974 storis
239 1915 305 1980 inde
333 1915 445 1973 eluceat
465 1914 642 1985 humanitas,
676 1933 749 1992 quae
779 1919 861 1971 tanto
883 1912 1024 1972 desiderio

21 2029 22 2038 ¹
131 2037 158 2077 v.
180 2024 222 2078 68
245 2011 353 2095 patrios
381 2036 470 2096 agros
496 2016 638 2095 respiciat.
681 2013 844 2076 Praefectis
871 2013 1024 2092 mancipio·

122 2127 193 2176 'rnm
219 2118 310 2178 Varro
342 2119 480 2197 peculium
506 2118 621 2196 aliquod
649 2118 814 2189 constitnit,
830 2147 832 2152 v
848 2125 878 2176 et
909 2127 1024 2176 conto-

131 2219 285 2280 boreales
308 2219 328 2276 i.
345 2239 371 2276 e.
394 2237 546 2278 conservas
568 2219 604 2276 ad
625 2217 776 2276 liberorum
799 2197 1024 2296 procreationem

131 2341 193 2382 eum
208 2320 277 2398 ipsis
300 2318 486 2395 conjunctas:
509 2317 551 2372 ita
570 2318 647 2374 enim*
664 2318 770 2375 arctius
791 2317 881 2375 fundo
902 2318 1023 2397 alligari.

129 2423 185 2481 lto-
198 2437 296 2477 umore
314 2417 435 2496 Tityrus
458 2415 604 2504 Galateam
625 2417 742 2498 primum
764 2418 909 2497 amplexus
930 2417 1025 2478 fuerat

131 2521 173 2603 (v.
197 2515 270 2595 31),
298 2538 364 2576 mox
385 2520 572 2591 formosam
599 2528 628 2580 et
655 2519 820 2599 prudentem
841 2515 1023 2599 Amaryllida,

130 2624 210 2703 cujus
239 2621 322 2680 laude
354 2639 428 2679 nunc
449 2627 482 2678 ut
509 2621 598 2680 saltim
626 2630 779 2694 resonent,
812 2631 898 2682 cantu
925 2622 1022 2682 efficit.

129 2723 298 2784 Foecundas
319 2722 450 2781 mulieres
473 2723 643 2796 Columella,
666 2723 714 2782 ubi
727 2731 785 2784 tres
807 2723 883 2782 filios
905 2745 1021 2802 pepere-

21 2819 22 2830 ’
131 2833 208 2896 runt,
222 2814 457 2904 ¹'opere'remissa
480 2831 510 2882 et
530 2826 709 2897 condonato,
731 2825 916 2904 nbisplu'rcs,
939 2825 1022 2884 etiam

130 2928 260 2987 libertate
291 2925 532 2986 remunerabatur.
585 2928 666 3010 lpsos
698 2929 848 2998 colonae,
878 2926 926 3004 qui
944 2926 1021 2988 alie·
1088 2958 1090 2961 ·

130 3049 183 3088 rios
212 3049 317 3109 agros,
334 3026 545 3096 conducebant,
582 3027 738 3086 Columella
771 3035 854 3086 natos
881 3036 962 3112 optat
991 3030 1021 3088 in

131 3129 263 3209 praedio,
285 3128 349 3198 cui,
372 3135 512 3204 tamquam
533 3132 652 3205 paterno
674 3129 773 3199 aliem,
805 3149 860 3209 quo
883 3123 1044 3192 adolebis?v

131 3237 203 3302 sent,
224 3230 297 3300 solo,
314 3229 448 3288 diuturno
462 3247 514 3288 usu
527 3228 642 3288 amicius
659 3231 767 3290 astricti
780 3231 848 3310 siut.
877 3232 956 3292 llaec
968 3253 1020 3312 ge·

132 3331 225 3390 nerosi
237 3331 357 3404 Romani
368 3329 520 3410 prudentia
533 3331 646 3390 utinam
660 3337 690 3390 et
716 3331 950 3410 ascriptitiorurn,
972 3335 1021 3410 qai

131 3432 214 3496 bodie
235 3449 286 3510 pro
309 3431 502 3503 serviesunt,
530 3433 695 3494 colonorum
717 3433 860 3502 dominos,
883 3433 1020 3518 siminus
1046 3511 1056 3516 -
