2414 3978
233 251 300 316 {66
516 237 672 304 ECLOGA
692 238 744 315 lX,
767 239 903 302 56-66.

230 411 319 471 lebria
339 409 453 490 lateque
475 408 628 489 conspicua
651 409 688 482 l’,
712 397 768 480 46,
792 413 847 481 «ut,
873 404 950 486 quod
971 405 1064 469 Varro
1089 413 1132 471 de

231 513 317 592 ling.
340 513 402 572 lat.
422 510 461 584 V,
484 532 512 591 p.
525 517 566 573 64
588 510 637 571 ed¹
655 509 720 588 llip.
742 507 797 581 ait,
828 514 1047 587 praetereunter
1069 530 1148 590 mo-⁸

230 618 347 685 nerent,
370 619 459 672 semet
480 610 584 684 suinae,
606 617 637 671 et
657 609 720 687 illia¹
736 615 854 668 mortem
875 608 994 672 instare.
1037 610 1130 671 Bia-

230 734 307 785 πον,
336 712 413 792 quad
440 711 557 773 Semina
578 710 709 786 tradidit,
739 709 873 789 principia
889 710 1016 770 .Etruaei
1046 709 1130 771 Ocni

230 813 291 875 aive
311 813 424 900 Aeacum·
446 831 604 894 cognomen
632 818 709 884 erat,
737 809 789 870 filii
810 829 848 870 ex
870 810 1012 870 Tiberino
1034 818 1127 894 patre,

230 911 331 986 durio,
354 921 384 973 et
404 914 502 973 lllanto
524 911 654 986 fatidica,
681 911 729 992 qui
750 912 896 972 Mantuam
917 911 980 973 aive
1001 911 1130 972 condidit

230 1013 291 1076 aive
312 1013 442 1085 munivit,
464 1013 536 1074 Aen.
554 1013 599 1086 X,
625 1020 701 1086 1983
723 1032 805 1092 quam
825 1032 929 1095 vagam
950 1011 1054 1074 famam
1075 1033 1128 1092 po·

230 1116 371 1195 ualerem,
404 1115 502 1192 qualer
528 1132 626 1173 omnee
652 1119 720 1173 aunt
741 1113 866 1194 ejusdem
897 1113 1031 1194 generis,
1062 1133 1124 1174 eum

233 1217 337 1278 Servio
367 1222 461 1276 lamen
485 1215 568 1275 Cato
594 1234 706 1294 quoque
733 1213 763 1273 in
790 1213 955 1295 Originibus
987 1213 1123 1293 suscepit,

228 1317 388 1389 Mantuam,
418 1316 517 1394 dicens
555 1317 629 1395 apud
662 1315 798 1388 ilerdam,
837 1313 922 1376 Ocno
956 1314 1123 1388 Blandae,

228 1417 355 1497 principe
377 1419 508 1492 Etrusco,
530 1417 679 1477 conditore
700 1435 763 1482 eoo,
784 1416 906 1475 nominis
927 1415 1122 1476 celebritatem

150 1521 154 1538 '
228 1523 339 1575 maetam
362 1535 437 1576 eoae.
479 1518 668 1596 &ringere
690 1517 806 1589 radere,
827 1517 973 1588 abradere,
996 1535 1123 1596 earpme,

228 1615 357 1678 tondere.
400 1617 462 1676 ldae
483 1616 592 1695 quidem
614 1624 757 1695 postrema
771 1624 913 1697 potetate
924 1617 1036 1677 Nonius
1047 1617 1122 1677 blar-

228 1716 317 1778 cerrus
337 1717 365 1776 ιι
387 1716 490 1798 accipe
511 1723 541 1775 et
560 1716 606 1777 aa
628 1698 658 1776 et'
677 1718 732 1779 ιι.
754 1718 796 1791 ιι,
819 1727 895 1792 aaa,
917 1720 1121 1792 mnsam,

228 1820 409 1881 excindere
430 1818 458 1876 id
480 1817 699 1898 interpretatae,
721 1819 741 1878 i.
756 1838 782 1880 e.
796 1824 890 1880 obrem
902 1805 1062 1891 immittere,
1084 1817 1121 1879 ad

124 1965 125 1972 ι
227 1926 321 1980 adrem
350 1919 550 1980 immittendum
577 1938 724 1980 exsecare.
777 1921 877 1980 Sermo
912 1926 957 1979 eat
983 1919 1058 1980 enim
1085 1920 1120 1979 de

226 2021 353 2082 aeetione
379 2019 522 2080 frondium
544 2016 756 2100 woradum)
785 2019 961 2082 vitiferarum
988 2019 1120 2080 arborum

227 2117 411 2202 (arbusta),
433 2121 535 2199 quibua
556 2121 685 2203 agricola
706 2119 961 2202 adielongiaaino
983 2122 1019 2181 ad
1042 2141 1121 2181 merr-

226 2239 286 2280 aem
308 2239 398 2300 usque
419 2221 579 2303 Augustam
601 2229 652 2282 aut
673 2241 770 2295 mane,
797 2227 862 2294 aut,
888 2223 964 2302 quod
985 2223 1044 2296 hio,
1067 2222 1122 2282 aab

143 2314 144 2324 ¹
224 2342 373 2402 vesperum
394 2328 508 2383 tenerae
530 2321 661 2397 lroudea,
688 2342 761 2402 quae
783 2323 998 2397 obumbrarent,
1020 2324 1120 2384 deton-

223 2422 322 2496 tebot,
342 2423 379 2484 ad
400 2424 529 2502 pabulum
550 2443 601 2484 eae
621 2423 757 2485 adbibere
779 2426 802 2498 l,
825 2429 876 2488 57.
918 2425 1040 2498 Pabulo,
1063 2421 1121 2484 Pli-

223 2523 288 2582 oius
308 2523 399 2603 inquit
419 2525 528 2597 XVlll,
551 2531 606 2596 68,
628 2525 694 2585 ulmi
715 2523 785 2584 folia
805 2531 952 2605 stringis
972 2526 993 2586 i.
1004 2545 1030 2586 e.
1052 2532 1120 2584 ton·

224 2622 284 2680 dea.
338 2623 493 2685 Columella
514 2625 653 2697 uelotV,
682 2631 717 2699 6,
748 2635 802 2699 16,
830 2647 866 2687 ue
895 2627 960 2707 quia
988 2625 1120 2709 germina

224 2718 394 2803 (pollicer)
417 2725 461 2785 vel
484 2724 565 2783 nimia
587 2726 751 2803 promittat,
780 2727 825 2788 vel
851 2728 934 2787 nimia
961 2747 1052 2807 prope
1073 2739 1118 2788 ra‘

222 2843 284 2885 moe
305 2826 444 2886 decurtet.
492 2824 580 2885 Jubet
601 2845 712 2926 quoque
734 2827 968 2908 Calpurniuall,
997 2833 1059 2901 66,
1087 2827 1119 2888 ia

176 2912 179 2918 ¹
221 2927 362 2988 vindemio
383 2926 531 2988 arboribus
552 2928 599 2989 ad
610 2906 772 3006 pabulum
763 2949 792 2988 m
814 2928 933 2989 hiemem
953 2928 1057 2990 laelius

288 3067 323 3082 -
338 3071 373 3086 ···
389 3071 423 3084 -
440 3048 542 3100 terreres
564 3043 711 3097 summatim
727 3042 856 3110 stringere
881 3044 912 3111 (i.
931 3060 953 3096 e.
971 3044 1053 3096 detorta
1054 3041 1117 3111 lere)

788 3128 876 3195 virgas

219 3229 359 3292 neme
370 3232 531 3304 frondea,
552 3229 653 3312 quibua
668 3252 746 3293 uuae
767 3232 796 3292 in
813 3230 990 3292 altitudinem
1012 3250 1117 3309 repen-

221 3336 266 3389 ter
291 3328 406 3389 liberari
435 3332 555 3404 debant,
589 3332 799 3395 fraudationem
829 3332 927 3404 iatam,
961 3351 1036 3412 quae
1062 3332 1117 3392 aab

221 3429 458 3514 nensirAugmd
478 3428 596 3493 fiebat
587 3433 678 3511 mitio,
701 3433 793 3518 magia
809 3451 985 3496 communem
1007 3439 1118 3508 terua-
