2446 3972
210 201 275 266 198
448 189 604 252 ECLOGA
625 191 699 262 vm,
721 194 856 253 52-56.

207 363 279 425 ciam
302 368 422 441 sequuta
442 361 495 434 sit,
517 361 648 454 Corinthi
669 366 763 422 autem
785 367 934 441 postquam
954 361 1039 443 regis
1059 363 1104 424 bie

209 464 343 525 Creontis
363 463 448 524 filiam
469 483 589 524 uxorem
610 464 749 544 elegerat,
768 463 844 522 'duos
866 483 904 522 ex
922 462 1028 524 lasona
1041 485 1106 544 par-

207 576 254 626 tos
275 565 350 626 filios
371 565 480 625 furiosa
501 563 691 625 aemulatione
711 563 904 637 interfecerit,
932 584 1018 625 curru
1040 567 1105 628 dra·

208 689 309 728 conum
337 669 414 727 alato
443 687 493 746 per
514 675 609 726 ae'rem
631 665 801 747 aufugiens:
835 687 871 726 ea
891 665 988 726 sabula
1010 668 1104 728 multis

208 770 304 851 populi
337 768 506 828 carminibus
539 775 569 826 et
602 769 772 849 spectaculis
801 767 963 848 pastoribus
991 789 1104 852 quoque

204 882 309 932 cantas
339 871 498 931 amantibus
525 877 595 930 nota
620 876 692 929 crat.
743 870 788 929 Ad
813 869 1018 951 cogitationem
1046 891 1103 932 mn-

125 1051 126 1058 ¹
174 1000 176 1004 ¹
209 974 275 1048 tris,
298 994 371 1053 qnae
392 993 491 1032 manus
513 992 580 1031 suas
602 991 715 1031 suorum
737 969 858 1031 tiliorum
881 973 1023 1052 sangnine
1045 993 1102 1032 ιιιι·

208 1076 354 1149 celaverit,
377 1075 479 1136 acerbe
501 1082 586 1154 poeta
608 1075 761 1133 exclamat:
786 1074 943 1138 Crudelis
965 1086 1002 1134 ter
1024 1095 1102 1155 quo·

209 1199 272 1258 pue
292 1186 351 1252 es!
373 1177 441 1236 Tua
462 1196 573 1256 qunque
595 1177 748 1236 erudelitas
769 1175 858 1256 digna
880 1183 933 1248 est,
956 1196 1028 1255 quae
1045 1197 1102 1236 una
1205 1165 1206 1188 ³

208 1300 269 1339 cum
286 1281 398 1339 Amoris
415 1279 586 1339 nominetur!
610 1320 618 1337 .
642 1319 649 1336 .
672 1319 681 1336 .
716 1278 802 1336 *Num
818 1284 926 1338 tantum
948 1285 1102 1358 qnoque?

208 1381 310 1440 Nonne
337 1381 374 1440 ad
400 1379 547 1459 fastigium
576 1379 625 1438 illa
651 1379 827 1438 crudelitatis
850 1381 998 1459 pervcniti
1028 1381 1103 1442 aaa

207 1482 374 1559 desperatae
396 1499 466 1559 puer
488 1481 549 1558 ipsc
570 1467 712 1540 crudelior
732 1465 925 1561 essepotestl
947 1482 1099 1542 Senectu-

208 1581 307 1652 delinr,
330 1597 411 1658 quam
434 1588 524 1644 mater
546 1588 576 1639 tu
598 1581 660 1660 ipso
681 1581 817 1656 immanis,
840 1585 1008 1664 desperatus
1029 1604 1101 1664 puer

156 1725 160 1732 ·
208 1683 265 1742 est!
297 1683 348 1742 'l'a
369 1689 476 1742 tantum
499 1689 529 1742 et
549 1684 612 1762 ipsa
633 1704 764 1764 quoque
784 1686 907 1744 crudelis
929 1665 975 1746 es!
1008 1687 1101 1750 Puer

206 1786 374 1860 turpe-adera
394 1785 545 1863 utrobique
565 1785 720 1866 subjectum
749 1793 809 1858 est,
838 1787 874 1846 ad
896 1788 972 1866 quod
992 1795 1101 1868 magio
1205 1817 1206 1822 ¹

204 1891 353 1949 crudelia
386 1899 439 1948 eet
466 1888 596 1946 addatur.
639 1889 730 1960 Haec,
760 1888 880 1970 Virgilio
903 1890 1016 1970 judice,
1047 1913 1099 1972 pro

207 1991 325 2050 eruditis
353 1981 514 2069 pectoribus
543 2004 600 2048 non
628 1989 709 2048 nimis
738 1999 844 2072 arguta
868 1991 1010 2052 subtilitas
1031 2013 1099 2052 cun·
1205 2009 1206 2064 q

206 2093 260 2151 ctis
282 2099 374 2148 tamen
396 2089 598 2170 interpretibus
619 2097 682 2150 erat
703 2092 847 2165 subtilior3
870 2092 1099 2174 nisiqaodapud

114 2228 119 2238 ι
206 2191 334 2254 Servium
358 2199 458 2252 tenues
480 2194 616 2272 quaedam
639 2193 784 2254 meliorum
802 2195 1006 2268 umbrae'suut
1028 2216 1098 2279 quas

204 2296 320 2374 Drydeo
343 2303 480 2374 sequutus
502 2307 567 2354 esse
589 2296 709 2356 ridetur.

290 2402 437 2460 52-56.
480 2397 620 2458 Universa
652 2397 756 2456 exinde
789 2405 973 2459 convertatur
1000 2399 1097 2461 licebit

203 2500 325 2558 natural
342 2499 436 2556 Meam
458 2506 571 2558 coastat
591 2499 753 2558 consiliumt
777 2520 876 2578 nempe
894 2500 1053 2574 saeuiendi,¹
1065 2510 1096 2561 ut

203 2597 232 2656 in
261 2599 350 2676 primo
375 2598 457 2656 initio
484 2620 512 2659 v.
535 2607 591 2670 20,
625 2607 656 2658 ct
677 2619 743 2660 mox
765 2602 891 2684 apertius
912 2602 942 2661 io
964 2605 1095 2682 proximo

203 2699 292 2758 incisa
315 2698 427 2758 dicitur.
448 2733 491 2746 -
512 2700 603 2778 llujus
624 2699 680 2759 loci
701 2704 847 2782 exemplar
868 2703 896 2762 in
919 2705 1097 2766 Tbencritea

203 2802 417 2862 adumbratione
437 2801 584 2860 morientis
604 2801 762 2882 Daphnidis
784 2812 843 2877 est,
864 2806 887 2876 l,
912 2813 987 2866 tet:
1009 2795 1010 2798 ¹

303 2953 380 3006 Nunc
395 2951 558 3020 habeantque
574 2953 630 3006 rubi
648 2951 745 3019 violas,
773 2953 884 3008 habeant
901 2959 928 3008 et
944 2954 1060 3020 acantbi3

302 3036 416 3104 iuniperi
434 3036 460 3087 in
478 3035 560 3103 spinis
578 3037 685 3089 narcissi
701 3037 794 3090 floreat
811 3033 913 3103 aurnin,

292 3119 401 3172 *Omnia
417 3124 561 3183 mntentar3
585 3121 714 3190 pinusque
730 3120 796 3175 ierat
811 3121 869 3191 pira
885 3121 975 3188 retnis,

264 3267 265 3276 ἵ
304 3201 420 3270 Daphnis
438 3219 518 3270 qaum
535 3204 657 3270 moritum
675 3205 783 3260 canibus
799 3204 834 3262 ait
851 3222 929 3260 certa
945 3206 1046 3272 timeri3

304 3284 441 3338 Luscinias
457 3287 575 3356 interque
592 3294 669 3343 canat
684 3296 744 3358 post
761 3297 857 3346 namna
871 3289 954 3344 sitris.

201 3403 320 3466 Aurea
345 3407 457 3477 mala,
493 3408 631 3485 cydonia,
662 3418 801 3491 granata,
836 3410 929 3472 citrea
949 3410 1007 3488 ΙΙΙ,
1039 3417 1092 3476 71.
