2394 3980
200 257 246 318 ss
447 247 601 308 nonnos
623 247 674 320 vr,
692 251 841 338 ose-oe

200 416 307 487 stum,
334 415 455 474 sobolem
478 423 534 476 tum
556 415 700 494 proeclere
722 414 878 484 cecinerat,
907 421 1018 472 utnon
1042 434 1089 474 sc·

199 535 251 577 ens
276 524 362 595 utque
382 517 527 578 Musarum
548 518 653 588 umieo,
681 515 833 577 Hesiodum
855 516 891 574 ud
913 515 1089 593 sequendum

200 628 380 689 consecrato,
413 619 549 700 Virgilius
575 619 602 678 ei
631 617 771 699 grutulori
798 617 931 696 potuerit.
976 617 1087 677 Glorie-

200 739 257 778 rem
285 720 369 782 etium
396 729 517 798 quotuor
535 721 692 802 elegiarum
715 719 795 793 libri,
832 727 969 780 venumuo
991 718 1087 798 Lyco-

199 822 253 882 ridi
274 823 318 893 X,
347 831 374 883 2.
396 821 539 901 inscripti,
562 841 712 880 moseum
734 820 879 892 lecerunt,
900 820 1001 899 quibus
1022 822 1087 902 ejus

199 924 433 984 immortulitutem
457 924 573 982 Ouidius
594 944 657 982 nm.
678 925 709 996 l,
733 929 788 994 15,
812 923 1041 984 retribuebat:

266 1041 358 1094 Gallus
375 1038 566 1122 etHesperiis,
591 1045 617 1092 et
634 1041 724 1092 Gollue
742 1043 818 1092 notus
835 1037 914 1104 Eois,

349 1125 384 1178 Et
399 1141 448 1178 suo
464 1141 523 1178 euin
541 1125 618 1178 Gallo
635 1131 696 1178 note
713 1123 821 1190 Lycoris
839 1122 896 1176 erit

141 1272 143 1286 .
198 1231 371 1310 Quamquam
388 1228 580 1295 Quintilianus
602 1230 639 1288 X.
661 1251 689 1308 p.
713 1236 783 1290 2²6.
806 1228 946 1296 duriorem
968 1247 1032 1288 eun
1054 1228 1083 1286 iu

197 1332 253 1391 isto
275 1351 383 1413 genere
405 1349 468 1389 esse
490 1312 621 1410 putoboi,
649 1349 731 1408 quom
753 1336 905 1408 sequentes
927 1328 1084 1410 elegiaru-

197 1441 344 1505 uoetores,
377 1440 481 1491 tersum
509 1431 669 1504 Tibullum,
697 1438 741 1503 et,
769 1451 850 1510 quom
871 1431 920 1490 olii
942 1430 1084 1509 punctulu-

196 1541 277 1607 runt‚
313 1533 508 1611 Propertium,
537 1535 582 1594 vel
603 1510 738 1595 lascivum
760 1533 899 1595 Ovidium.
942 1531 1083 1591 Trulitos

196 1635 258 1715 ejus
278 1635 427 1708 hebemus,
460 1640 573 1713 prester
593 1635 708 1715 longius
729 1654 841 1694 carmen
858 1634 1000 1713 juvenile,
1033 1633 1083 1693 Ci-

194 1737 246 1796 rim
267 1757 295 1798 v.
320 1744 375 1808 74,
407 1755 512 1815 pouces
532 1756 647 1809 vorsus,
669 1756 740 1815 queis
764 1737 900 1817 Virgilius
920 1736 964 1806 X,
991 1743 1082 1797 46-

195 1845 245 1902 so.
277 1839 416 1910 seruerit,
450 1846 480 1898 et
506 1838 555 1899 vix
583 1841 691 1918 sliquos
713 1839 855 1916 reliquias.
899 1838 982 1904 {tuoe
1004 1836 1082 1915 prius

194 1943 255 2022 ejus
277 1959 344 2000 esse·
363 1941 544 2012 dicebantur,
568 1961 603 2002 eo
625 1941 725 2020 purtim
748 1939 914 2020 posterioris
936 1940 1080 2019 cujusdem

193 2043 374 2112 Maximiani,
413 2042 513 2121 purtim
548 2042 620 2101 loturi
652 2043 770 2122 alicujus
803 2041 972 2121 subjectorls
1004 2047 1080 2099 suut.

193 2145 314 2204 Dicendi
334 2143 470 2214 fecultus,
490 2139 574 2222 'quse
595 2144 623 2201 in
647 2144 780 2204 Cornelio
802 2143 904 2213 Gallo,
932 2141 1079 2202 Ciceronis

193 2253 223 2306 et
248 2245 339 2305 Asinii
365 2244 569 2305 consuetudine
590 2253 699 2306 metune
720 2264 787 2317 nso,
814 2243 918 2316 fuerit,
948 2263 1005 2304 uno
1026 2263 1079 2303 ore

193 2371 210 2409 s
231 2349 357 2428 pluribus
379 2348 518 2408 laudetur.
563 2347 700 2428 Virgilius
722 2346 749 2405 ei
771 2353 874 2426 postes
894 2361 951 2405 oon
968 2352 1077 2406 moto·

192 2453 326 2512 loeimem
353 2451 480 2530 eclogem
510 2449 666 2529 inscripsit,
693 2449 744 2509 sed
765 2449 793 2507 in
816 2449 1024 2530 Georgicorum
1045 2448 1077 2508 li·

192 2554 243 2611 bro
265 2558 366 2629 quarto
388 2550 536 2632 egregium
558 2569 669 2629 quoque
690 2551 717 2609 ei
738 2551 926 2610 laudetionem
947 2551 1077 2622 bebebst,

191 2671 273 2732 que·
300 2657 393 2709 nutem
419 2658 452 2709 ut
479 2649 586 2710 deleret
612 2658 678 2730 post
705 2651 844 2712 infelicem
865 2651 948 2710 umioi
969 2653 1075 2712 exitu·

66 2779 79 2788 ·’
190 2760 305 2814 eouctrrs
323 2759 386 2810 est.
429 2752 601 2811 Parthenius
622 2771 746 2832 quoquo,
777 2753 964 2830 quitlroocis
985 2753 1077 2814 lituris

188 2856 338 2940 Virgilium
365 2853 502 2926 institerit,
534 2855 652 2914 Erotice
676 2875 743 2928 suo,
771 2875 844 2934 quoe
864 2856 957 2916 subse
977 2874 1076 2935 snper-

71 3003 73 3010 s
188 2967 269 3032 arnt,
302 2959 391 3020 eidem
424 2957 609 3018 conseeruvit.
652 2958 697 3017 lle
723 2959 858 3040 Aegypto
884 2959 1080 3038 expuguuods·

188 3063 288 3142 (bullus
314 3069 370 3120 tusi
399 3061 545 3140 praeclare
571 3059 687 3130 meruit,
714 3066 746 3118 ut
773 3060 881 3120 Cuesur
902 3061 1079 3120 octoviense

187 3183 250 3225 eum
289 3163 324 3220 od
361 3163 423 3240 ejus
458 3161 621 3241 provinciae
642 3160 859 3240 ¹pruru'oetnrun
897 3165 1075 3241 proveheret.

186 3268 268 3326 Auno
301 3261 511 3324 cccxxviii.
545 3263 580 3322 de
608 3263 830 3341 imprudentibus
857 3264 893 3322 sol
921 3263 1077 3322 fsuiiliores

187 3365 361 3426 sermonibus
375 3370 413 3424 -et
435 3364 470 3424 ule
490 3364 629 3443 suspectis
651 3365 797 3424 constibus
818 3373 979 3439 emtus,
1002 3365 1074 3424 Gue-

188 3467 259 3528 ssris
290 3467 432 3526 sententie
459 3473 490 3526 et
516 3485 616 3526 severo
643 3469 890 3528 senatusconsulto
918 3468 954 3525 orl
977 3485 1073 3526 necc-
