2394 3980
353 216 506 278 cumea
528 213 575 278 vl.
620 225 764 282 11.-,11.
950 228 1023 314 ro·
1131 160 1133 176 Ι

113 381 291 462 colloquium,
323 383 434 462 prircao
459 382 615 464 replendae
641 384 768 464 plenum,
803 386 890 458 idon,
926 388 994 448 Pin·

113 481 181 542 doro
211 494 325 544 auctore
358 483 531 564 Aristoph.
564 485 648 545 Nad.
677 493 754 560 113,
791 505 853 568 cnm
878 488 993 570 Phryge

111 581 242 664 Olympo,
269 585 373 646 murico
402 605 418 646 c
445 586 592 666 disciplina
613 587 745 665 Marsyae
768 587 877 666 Satyri,
906 607 993 666 quon·

111 683 171 743 dam
193 685 323 746 instituit.
371 685 501 748 Firmitar
523 688 627 749 vinculi
649 709 684 748 ea
705 688 733 746 in
756 709 787 747 re
808 708 864 747 uon
882 695 994 768 reputass

110 785 204 860 batur,
238 807 320 867 quum
342 789 470 860 Silanus,
503 779 626 861 utilio,
657 791 698 849 ita
718 791 747 850 in
769 789 862 851 Ovidii
884 799 994 870 quoquc

110 885 188 949 Met.
218 890 275 963 xl,
297 899 349 952 91.
378 911 396 949 a
416 891 578 971 Phrygibus
599 891 714 952 rusticio
735 896 868 952 coronio
889 893 994 954 vincia·

109 993 172 1063 tor,
195 992 307 1052 Amoris
328 991 512 1070 inrtar'apud
534 993 762 1054 Anacreonteur·

310 1090 392 1143 Sertic
408 1090 504 1142 Amore
516 1088 621 1155 anca,

310 1174 431 1234 Vinctum
449 1174 544 1228 dedere
561 1173 668 1238 Musae,

310 1259 432 1327 seruaret
448 1265 477 1314 nt
493 1260 631 1318 Venusiae.

52 1349 54 1354 ’
108 1343 208 1407 Ambo
238 1351 268 1406 et
296 1349 359 1406 dan
388 1353 512 1417 veteres,
539 1343 783 1430 adiunctionem
812 1346 994 1418 Graecorum,

108 1446 191 1508 etiam
220 1454 321 1527 quarto
343 1467 410 1507 oaau
433 1447 572 1510 dicebant.
615 1444 701 1509 Hafo.
725 1446 755 1508 C
772 1467 818 1508 er
838 1451 925 1524 ipris
947 1447 996 1532 ha·

108 1545 155 1608 bet
176 1549 320 1613 crebriora
337 1558 393 1616 'usu
415 1549 517 1616 tritius.
561 1548 653 1628 Najac
669 1545 795 1627 Aegle,
820 1547 881 1610 sire
902 1537 995 1630 splen·

108 1648 176 1725 dor,
198 1651 285 1714 vicini
305 1649 393 1714 fontia
414 1651 534 1730 nympha
556 1658 600 1710 est
620 1651 662 1722 ll,
685 1658 740 1723 463
763 1650 860 1710 eodem
884 1649 996 1713 nominc

108 1770 164 1815 una
185 1773 223 1814 ex
245 1753 446 1834 Hesperidibus
468 1773 494 1814 u.
517 1758 573 1822 61,
596 1757 625 1810 et
647 1772 685 1812 ex
707 1751 870 1812 Heliadibus
892 1772 919 1813 v.
944 1753 994 1814 61.

108 1852 265 1920 dicebatur.
320 1851 471 1918 Petulaute
508 1852 637 1911 nimirum
671 1851 763 1913 auimo
795 1851 871 1918 eoois
898 1850 998 1920 faciem
1096 1859 1107 1877 ¹

106 1945 202 2036 pugni
222 1960 306 2039 captu
326 1972 489 2011 mororum
510 1951 619 2022 oblinit,
640 1957 673 2010 ut
694 1950 729 2013 ad
751 1949 920 2010 hilaritatem
937 1970 999 2028 euno
1099 1958 1101 1964 ’

108 2054 232 2114 excitet:
261 2053 303 2114 ita
329 2053 358 2112 id
380 2053 440 2134 ipae
468 2053 595 2128 Silenus,
624 2053 660 2112 ad
682 2053 819 2113 Venerem
841 2073 897 2111 noo
920 2052 1000 2111 indo·

107 2162 187 2228 ctus,
210 2154 269 2217 risu
291 2175 343 2215 auo
365 2163 395 2215 et
416 2155 555 2238 praemio,
578 2156 653 2234 quod
673 2155 805 2227 minatur,
828 2155 999 2233 interpreta-

108 2261 156 2316 tur
184 2264 238 2320 eat.
281 2256 425 2315 Honorem
451 2256 569 2334 aliquem
597 2254 680 2315 alicui
708 2255 762 2314 hac
782 2255 898 2314 levitate
921 2256 999 2314 habi·

108 2364 169 2418 tum
197 2377 276 2426 esse,
303 2355 411 2416 austeri
439 2361 547 2415 tantum
568 2355 679 2434 opinari
700 2360 833 2433 poterant
855 2355 999 2429 Gramma·

108 2459 170 2530 tici,
195 2457 242 2536 qui
264 2476 320 2517 nou
342 2455 451 2524 frustra
472 2455 604 2517 didicisse
624 2455 737 2530 vellent,
760 2455 830 2513 deoc
851 2461 883 2513 et
904 2434 1000 2513 trium·

107 2561 234 2648 plnanteo
253 2555 348 2643 priua,
371 2565 470 2640 postea
492 2558 578 2630 deos,
601 2557 648 2638 qui
670 2557 749 2638 agris
770 2563 931 2636 praeerant,
953 2554 1000 2616 ru'·

108 2661 162 2722 bro
187 2657 291 2718 tinctos
311 2657 400 2719 finisse
421 2659 465 2732 X,
489 2667 539 2734 27,
561 2668 592 2718 et
611 2659 781 2718 Pausaniam
791 2655 820 2737 ⁶)
844 2659 878 2718 de
900 2659 1001 2724 incolia

110 2762 267 2824 incolarum
300 2761 463 2840 Satyridurn
496 2769 634 2840 umquam
670 2761 705 2820 de
738 2759 830 2820 rubria
862 2760 1002 2820 semiferis

111 2863 230 2924 dixisse.
272 2862 413 2924 Nicander
430 2857 584 2946 (fragunp.
594 2870 664 2924 281.
670 2861 705 2922 N
712 2859 788 2919 Vlll.
799 2861 843 2918 ed.
855 2861 1000 2942 Schneid.)

112 2962 375 3036 Arken.11‚11.
397 2984 503 3021 morum
524 2963 599 3022 inter
614 2957 710 3042 priora
732 2967 909 3020 auctumuum
931 2981 1001 3021 nuu-

114 3065 196 3137 tiare‚
218 3071 248 3124 ot
269 3063 482 3134 ColumellaX‚
504 3071 576 3124 401.
595 3080 735 3120 mororum
747 3081 905 3142 sanguineo
917 3083 1001 3123 cucco

114 3173 182 3244 post
209 3175 301 3226 ortum
323 3165 474 3229 Caniculae
496 3165 643 3224 candidam
665 3162 803 3222 fiscellam
825 3151 939 3225 manare
961 3165 1002 3223 di·

115 3265 176 3329 cit.
208 3267 314 3326 Eodem
334 3275 460 3354 tempure
478 3255 621 3327 'saltatrici
642 3264 802 3353 Virgiliiv.
826 3273 882 3326 21:
979 3255 989 3278 ’

183 3431 358 3499 .·)Ρω.1
374 3433 424 3498 13,
447 3433 473 3485 7.
506 3421 1003 3560 urn.an.vn,2.1onppnnee
