2424 3994
192 277 214 338 8
301 265 305 274 ’
468 267 624 328 ECLOGA
647 269 669 327 1.
716 278 782 328 1·-
795 273 823 330 5.

196 435 274 494 aimo
294 455 326 496 ee
353 433 463 496 aestate
485 435 605 496 Romam
632 436 726 498 adisse
748 443 779 498 et
800 438 984 498 batavianum
1009 439 1092 518 juve-

97 580 101 587 .
195 536 275 608 nem,'
285 536 366 614 quem
376 536 481 596 Larem
494 537 548 596 sibi
561 539 794 617 posteububituri
806 541 873 611 sint,
892 540 1090 598 decernentem

195 639 235 696 ibi
262 637 375 697 audisso
403 637 510 716 inquit,
543 647 576 698 nt
605 659 677 722 ager
705 661 774 700 suus
807 640 923 721 integer
953 647 1088 698 moneret.

196 739 288 805 Quam
310 739 392 798 exsul
408 739 556 813 inmunem
573 742 689 800 miratus
711 759 886 818 summopere
901 761 961 799 eam
982 741 1088 811 iaudat,

121 917 126 923 Ι
166 913 174 924 ss
197 858 275 898 suom
288 847 334 913 et,
358 840 405 920 qui
418 861 507 921 prope
527 843 711 914 babitabant,
735 848 879 920 pastorum
901 842 1089 922 gravitertie·

197 941 313 1021 plorans
335 951 460 1015 sortem,
483 944 563 1022 eujus
581 943 703 1020 Tityrus
724 943 906 1002 miseratione
926 951 1019 1008 motus
1041 963 1089 1022 pe·
1149 1022 1151 1027 .

197 1043 233 1100 tit
254 1043 289 1102 ab
312 1063 362 1116 eo,
390 1051 422 1104 ut
443 1063 536 1104 seeum
564 1050 721 1127 pernoctet.
764 1044 912 1125 Allegoria
941 1045 1019 1104 nuile
1045 1051 1090 1108 est

197 1143 225 1202 iu
248 1145 300 1206 bue
322 1146 441 1227 Eulogo.

506 1394 784 1409 ψ-α-ι--η-ῌ

472 1574 812 1679 Auuotutm
882 1577 988 1686 λ’,

284 1755 387 1830 1'4-5.
431 1769 618 1831 Meliboeae
640 1770 768 1830 Anninus
780 1791 806 1832 v.
820 1777 870 1842 36,
892 1738 1092 1832 veteranorum

197 1869 326 1942 miiitum,
350 1871 521 1954 quijumjom
544 1873 679 1952 irrupturi
702 1879 801 1943 erant,
824 1871 942 1956 injurias
964 1869 1089 1950 fugiens

148 2042 150 2046 ι
186 1971 340 2031 'auctumni
370 1981 496 2052 tempore
527 1996 555 2034 v.
577 1981 618 2036 72
655 1993 717 2032 eum
744 1992 890 2050 caprarum
918 1991 1011 2052 grege
1038 1989 1091 2028 suo

113 2097 116 2108 ·
197 2081 319 2132 montem
341 2074 459 2143 transit,
489 2093 544 2152 quo
567 2091 657 2130 senex
685 2071 798 2151 Virgilii
820 2071 938 2130 libertus
961 2071 1001 2152 (v.
1025 2069 1091 2148 28),
1203 2067 1204 2074 ἵ

203 2173 359 2252 Tityrus,
390 2171 494 2231 domini
517 2173 603 2233 boves
625 2171 731 2251 poscit,
755 2178 785 2230 et
795 2165 857 2231 ‘sub
879 2171 950 2253 fago
957 2216 965 2245 ,
988 2172 1092 2251 patuiis

195 2275 281 2338 ramis
303 2273 420 2348 diffusa,
449 2291 566 2334 securus
588 2273 671 2332 modo
693 2293 764 2333 voce
785 2273 868 2332 modo
895 2273 992 2333 fistulo
1014 2273 1093 2332 canit

197 2377 324 2438 alternis,
368 2377 512 2456 Uterque,
535 2376 610 2455 quod
632 2375 747 2434 nomino
768 2375 935 2448 declarant,
964 2377 1092 2436 Graecus

198 2485 261 2536 erat
289 2498 413 2564 genere,
443 2479 493 2536 sed
514 2496 605 2537 verne
627 2473 754 2556 origine,
783 2477 830 2554 qui
852 2477 961 2534 Andem
983 2475 1093 2555 patriae

197 2577 288 2640 instar
309 2579 437 2638 baberet.
480 2577 540 2636 Sub
563 2594 653 2655 opaco
676 2575 800 2656 tegmine
821 2574 883 2656 fagi
896 2595 1026 2635 ramosae
1047 2577 1092 2638 se‘.

198 2680 273 2758 uos,
288 2677 414 2757 quamvis
432 2697 551 2756 vespere
573 2675 726 2757 ingruente
746 2697 774 2736 v.
787 2683 844 2749 82,
867 2677 1003 2738 aestivum
1016 2699 1092 2737 rnen·

197 2780 237 2840 sis
260 2780 392 2848 Octobris
406 2779 530 2838 eoiorem
547 2777 658 2860 probat.
702 2778 834 2852 Aestate,
857 2779 979 2838 emedio
996 2799 1093 2838 mense

197 2881 287 2962 Aprili
309 2881 345 2941 ad
366 2880 551 2942 Nouembrem
574 2897 663 2962 usque
685 2899 793 2966 greges
815 2889 1005 2940 armentorum
1027 2881 1094 2940 reli.

154 3049 156 3054 ,
198 2983 300 3062 quique
321 2981 434 3062 pecoris
462 2980 580 3040 saltibus
607 2987 777 3061 pascuntur,
811 2983 887 3060 quod
907 2983 937 3040 in
959 2983 1092 3043 silvarum

196 3083 308 3165 frigore
330 3083 472 3142 frondium
494 3081 622 3163 germine
644 3089 673 3141 et
695 3083 855 3165 recentibus
877 3085 972 3145 herbis
994 3084 1093 3143 meiius

196 3185 309 3245 utantur
321 3187 430 3266 Georg.
444 3185 498 3243 Lb.
513 3185 561 3256 ΙΙΙ,
576 3193 647 3248 131.
693 3186 791 3251 Quare
806 3185 975 3246 silvestria
989 3186 1094 3245 Musa

76 3342 78 3347 .
196 3306 248 3368 pro
271 3285 393 3352 carmine
414 3286 564 3374 pastoritio
583 3287 642 3367 jam
664 3285 738 3372 apud
752 3285 925 3345 Lucretium.
970 3288 1093 3346 Carmen
1137 3326 1144 3339 ,

194 3379 540 3467 hoe,'eulA1naryllldis
567 3386 666 3448 laudes
695 3383 859 3466 propositae
882 3394 980 3458 erant,
1007 3387 1094 3465 Toy.

197 3511 245 3556 nu
268 3491 336 3555 dicit
357 3492 440 3557 modo
464 3510 584 3565 euneos,
612 3487 695 3550 modo
724 3486 883 3554 modulatus
911 3489 940 3552 id
960 3487 1093 3552 monento
