2392 3986
155 236 222 298 ιω
402 226 558 286 uouoan
579 225 627 283 ιιι.
651 205 799 287 σιμ-59.
842 197 847 207 ’

156 393 294 474 accipitur
314 391 505 474 “permissum,
539 401 570 454 et
598 394 736 474 superbus
761 391 892 456 vincitur.
943 394 1055 486 injurie

155 497 211 555 nisi
227 515 282 574 qua
305 503 372 556 aute
395 495 502 567 luerat,
531 480 735 568 decernebant,
759 513 840 573 quem
864 495 982 574 quisque
1003 515 1051 556 se-
1146 537 1154 548 ·

50 658 57 668 ,
155 605 303 676 queretur,
336 598 381 658 vel
404 597 574 666 brabeutae,
602 597 627 654 si
652 597 715 674 quis
741 603 818 677 erat,-
847 597 971 676 judicio,
1005 597 1055 656 vel

124 697 128 714 ³
156 706 250 766 sorte,
272 699 411 758 interdum
435 698 532 778 digitis
554 697 691 756 micantes
714 693 813 776 (Calp.
834 697 869 770 ll,
891 695 968 778 25);
999 703 1053 758 aut

59 833 62 838 ·
156 801 246 863 libera
275 801 407 879 pactione
429 800 468 872 V,
493 807 542 859 10.
600 799 746 860 Vicinum
771 799 875 857 blande
897 800 1053 857 Damoetas

156 899 354 959 Palaemonem
373 907 470 972 vocat,
493 911 585 978 neque
600 900 739 979 justitiam
762 900 796 958 ab
816 917 851 957 eo
874 900 963 978 petit,v
981 901 1052 958 baec

157 1001 266 1078 quidem
293 1001 426 1079 opinione
452 1001 637 1080 praecipitum
673 1003 737 1072 sed,
765 1009 797 1058 ut
821 1020 903 1078 quem
931 1001 1053 1059 maxime

156 1101 285 1163 intendet
311 1103 447 1174 animum,
482 1104 591 1182 qualem
616 1115 745 1162 tantam
775 1103 923 1161 discrimen
952 1110 981 1161 et
1007 1101 1054 1160 cui

157 1214 255 1263 tenta
279 1209 506 1282 oppignerata
528 1203 648 1273 sinerint,
672 1221 733 1261 eum
754 1203 888 1279 requirat.
923 1235 925 1240 ·
1031 1216 1057 1248 ,·

243 1311 387 1365 ao—-so,
430 1305 600 1374 Palaemon,
630 1323 716 1381 quum
738 1305 892 1364 adveniens
915 1303 1054 1362 arbitrum

157 1425 189 1464 sc
211 1405 315 1462 dictum
346 1404 456 1475 audit„
471 1405 583 1482 quaerit
608 1405 737 1464 nimirum
760 1407 795 1464 de
818 1405 932 1464 ratione
958 1411 1053 1463 certa-

156 1505 253 1575 minis,
276 1513 305 1562 et
322 1523 394 1582 quae
414 1506 538 1584 praemia
556 1506 702 1586 proposita
722 1507 793 1564 sint:
817 1524 872 1585 quo
895 1505 973 1564 facto
991 1521 1055 1563 cum

151 1605 305 1686 'juvenibus
328 1606 356 1663 in
379 1607 466 1666 herba
490 1608 627 1680 considit,
647 1608 689 1666 ‘et
712 1609 853 1678 ordinem,
875 1627 931 1685 quo
953 1625 985 1664 se
1006 1625 1055 1666 ce·

157 1715 258 1766 nentes
278 1707 437 1786 excipiant,
465 1709 543 1788 juste
566 1709 736 1767 moderatur.
780 1710 863 1774 (duod
884 1707 939 1787 ipsi
960 1725 1057 1766 rerum

157 1808 350 1889 intelligentes
373 1809 427 1868 sibi
446 1810 622 1890 cogitatione
642 1809 771 1891 lingunt,
795 1811 823 1867 id
845 1809 939 1867 omisit
959 1815 1056 1887 potita,

156 1910 220 1987 qui,
249 1911 291 1969 uti
314 1912 449 1970 Horatius
469 1910 512 1972 A.
535 1913 573 1971 P.
602 1919 678 1984 148,
706 1911 844 1990 Apollinis
872 1917 1058 1988 praeceptum

158 2011 263 2070 audiitz
935 2024 937 2030 ’

224 2127 335 2194 Semper
352 2127 384 2179 ad
403 2135 523 2182 eventum
540 2126 645 2180 festinat
662 2131 688 2178 et
706 2125 733 2177 in
751 2124 850 2178 medias
868 2141 921 2192 res,

224 2207 284 2263 Non
300 2227 377 2268 secus
395 2219 532 2277 acratas,
552 2210 696 2264 auditorem
712 2210 794 2278 rapit3
813 2215 839 2262 et
857 2211 924 2279 quae

171 2295 178 2310 “
223 2297 353 2364 Desperat
369 2302 478 2350 mactata
495 2297 622 2350 nitescere
641 2313 735 2364 posse,
753 2295 887 2364 relinquit.

159 2416 246 2476 Verni
275 2419 408 2496 temporis
441 2415 535 2479 brevis
563 2417 740 2477 adumbratio
769 2434 863 2476 merus
898 2423 928 2475 et
958 2414 1059 2475 suavis

158 2538 290 2590 sonorum
310 2527 464 2576 concentus
488 2525 548 2587 cst,
576 2518 673 2576 mixtis
694 2518 855 2590 vocaliter,
878 2517 996 2596 quaein
1020 2515 1058 2572 li-

157 2619 257 2696 quidus
281 2615 329 2696 (l,
348 2637 394 2688 m,
418 2637 456 2688 n,
479 2615 518 2696 r)
533 2625 733 2676 *consonantes
760 2627 881 2689 exeunt,
912 2626 942 2677 et
965 2615 1057 2676 medis

158 2727 224 2798 apte
244 2717 421 2797 composita,
445 2737 561 2795 quorum
581 2719 789 2800 longitudinum
812 2721 933 2780 tarditas
953 2717 1059 2778 leuiter

111 2852 113 2860 ·
157 2819 228 2880 fluit.
273 2821 337 2899 lpse
359 2818 502 2900 agricola,
525 2821 608 2899 cujus·
627 2821 678 2880 sub
694 2823 805 2882 mitiore
829 2823 909 2882 coelo
929 2821 1059 2881 mitiores

158 2941 258 2981 seusus
283 2929 350 2980 suut
371 2929 401 2980 et
423 2921 516 3002 magis
541 2919 668 2996 fervent,
698 2925 747 2983 ubi
770 2945 827 2982 uou
853 2923 1060 3002 superstitione

159 3044 176 3082 a
202 3023 360 3092 monacbis,
395 3022 534 3081 servitute
559 3024 593 3082 ab
619 3024 800 3103 optimatibus
824 3024 922 3086 fervor
947 3024 1060 3084 exstin-

159 3124 271 3204 guitur,
309 3123 384 3183 veris
409 3123 640 3201 ιιίιιιίῙὶῒιιιιίιιιιιιι,Ἰ
671 3128 746 3205 quod
770 3127 880 3185 Plinius
904 3127 987 3198 xvi,
1013 3132 1057 3187 39

160 3225 242 3296 dicit,
281 3225 392 3305 poetice
422 3226 475 3285 ribi
501 3235 600 3307 partus
634 3227 757 3308 imagine
786 3226 898 3310 fingere
931 3225 1058 3286 solebat:

161 3347 258 3388 meuse
278 3328 436 3389 Februario
459 3327 680 3408 quamprimum
704 3329 816 3407 tepidus
832 3329 976 3390 Favonius
1000 3335 1061 3386 ter-

162 3449 223 3490 ram
241 3431 407 3503 resolveret,
429 3429 620 3490 entulitiouern
639 3428 667 3487 id
685 3429 859 3508 appellabut3
881 3435 1066 3508 anaspum,
