2392 3986
220 273 285 338 ΙΙΙ
469 263 622 322 ECLOGA
644 263 691 320 ΙΙ.
716 269 861 323 26-36.

218 429 364 500 Infernae,
387 430 514 489 nimirum
535 430 611 507 quod
633 436 799 508 exspectare
821 427 940 499 licebat,
962 429 1105 510 religiosis
1177 419 1178 434 ¹

218 531 329 592 videtur
366 530 474 608 Sibylla
508 530 613 588 minata
652 550 716 590 esse
753 530 887 608 serpenti.
946 530 1105 590 Fallaces

217 632 321 690 herbae
342 630 462 700 veneni,
489 650 561 708 quae
593 631 711 688 salutari
738 631 832 708 specie
853 631 997 712 legentem
1019 631 1105 690 allici-

217 739 269 790 unt
290 732 343 789 Lh.
367 732 402 800 ΙΙ,
426 723 502 790 152.ι
540 731 665 788 Alterum
683 733 809 789 occidet
826 751 895 790 cave
913 733 1023 810 jungas
1045 751 1105 792 cum

216 831 319 892 herba
339 835 471 902 demerui,
504 831 532 889 in
560 851 615 908 quo
638 832 715 909 prius
737 830 804 888 illud
826 832 902 888 nullo
925 832 1043 912 negotio
1065 832 1105 890 iu-

218 933 368 1013 telligitur,
402 931 452 989 sed
484 931 519 988 ad
554 932 712 1010 augendam
745 931 904 990 sententiae
937 933 1105 1012 gravitatem

216 1033 364 1112 repetitum
392 1033 520 1112 legatum
555 1031 782 1110 quemadmodum
810 1031 838 1088 in
867 1033 977 1091 Horatii
1004 1035 1031 1091 ll
1053 1034 1103 1092 0d.

217 1145 246 1207 3,
271 1141 325 1195 17:
360 1134 463 1213 Cedere
485 1131 618 1192 coemtio
640 1132 801 1202 saltibus,
829 1143 863 1190 et
882 1135 973 1191 domo
1002 1136 1102 1192 ailla·

217 1256 280 1316 que
304 1261 361 1305 -,·
385 1237 504 1294 celles!
543 1233 727 1305 Amomum,
752 1232 959 1291 condimentum
973 1254 989 1292 e
1003 1233 1102 1292 frutice
1121 1219 1127 1234 ⁸

216 1358 290 1396 nuuc
316 1336 425 1413 quidem
453 1336 554 1414 ignoto
585 1335 639 1403 ΙΙΙ,
675 1340 724 1404 89,
759 1334 856 1392 melius
891 1354 927 1392 ex
961 1335 1101 1406 Armenia,

216 1440 295 1518 pejus
321 1413 362 1494 ex
392 1435 486 1493 llledia
517 1441 546 1492 et
572 1434 666 1492 Ponto
694 1433 879 1505 afferebatur.¹
923 1435 1099 1514 Assyriae,

216 1537 355 1617 quomodo
377 1535 512 1609 Arabiae,
535 1535 663 1608 Mediae,
685 1535 850 1606 Armeniae,
873 1536 969 1594 lodiae
991 1536 1045 1594 ΙΙ).
1067 1536 1100 1606 ΙΙ,

218 1646 291 1708 116,
324 1656 409 1714 saepe
438 1637 495 1695 late
522 1637 637 1716 potebat
666 1655 766 1694 nomen
794 1643 824 1695 et
850 1635 885 1694 ad
919 1657 1015 1696 omnes
1051 1636 1100 1694 sub

216 1740 324 1798 oriente
346 1738 406 1796 sole
428 1745 520 1796 terras
540 1758 567 1798 v.
590 1760 620 1818 g.
643 1736 671 1794 in
693 1736 802 1794 Lucani
824 1738 903 1807 Vlll,
934 1745 994 1798 292
1017 1736 1100 1816 perti·

215 1841 314 1912 nehat3
336 1846 367 1897 ut
389 1838 511 1900 arctiore
532 1838 560 1897 iu
583 1859 617 1908 q)
641 1837 761 1895 nominis
775 1835 937 1896 definitione
960 1837 1100 1896 abstinen-
1181 1863 1182 1876 ¹

216 1943 279 2001 dum
301 1941 348 1999 sit.

300 2049 445 2101 26—36.
490 2041 607 2096 lneunte
629 2037 767 2094 Pollioni·
799 2039 959 2116 exspectati
990 2040 1099 2099 adole·

214 2144 342 2200 scentia
353 2137 471 2218 mpudus
482 2139 541 2216 jam
563 2136 603 2193 ita
618 2136 727 2213 quidem
745 2138 880 2195 lustratus
904 2139 973 2208 erit,
998 2146 1030 2198 ut
1050 2159 1099 2199 sua

214 2247 314 2320 sponte
346 2237 493 2309 frumenti,
528 2237 586 2298 vini
608 2243 638 2295 et
670 2237 758 2296 mellis
792 2238 860 2296 aerii
895 2239 1014 2316 aliquid,
1051 2240 1098 2298 sed

214 2340 309 2422 pamm
332 2341 359 2398 id
381 2339 539 2399 sufficiente
561 2339 659 2410 modo,
683 2339 804 2411 oriatur,
827 2358 914 2417 quare
932 2348 1097 2411 mercatura,

214 2444 313 2502 bellum
343 2447 373 2498 et
400 2443 574 2520 agricultura
611 2441 701 2499 adhuc
739 2441 859 2499 durabit.
886 2471 929 2486 -
975 2440 1096 2500 Adole-

213 2547 371 2601 scentiam
392 2547 477 2617 po'e'ta
501 2547 639 2617 tamquam
653 2548 761 2616 tempus
784 2541 916 2621 designat
937 2547 1097 2619 ingenua·

213 2657 286 2700 ram
307 2643 431 2697 artium
452 2639 552 2711 studii,
581 2659 650 2716 quas
672 2647 782 2698 veteres
805 2642 1004 2721 sapientioreS,
1037 2644 1098 2701 sola

212 2740 331 2798 hominis
354 2738 457 2798 alitura
478 2759 573 2818 parum
596 2740 740 2811 delectati,
772 2742 969 2801 humanitatem
992 2744 1028 2802 ad
1049 2765 1097 2802 au·

212 2842 333 2922 gendum
345 2840 379 2899 ab
389 2844 535 2918 ingenuo
547 2841 742 2918 requirebant:
763 2851 910 2919 poeseos,
920 2842 1094 2916 historiae,

209 2938 450 3020 philosophiae.
495 2923 633 3023 Singulae
655 2962 780 3021 quoeque
798 2945 925 3023 speciose
944 2953 1095 3023 apparent:

211 3043 306 3121 poesis
328 3049 358 3100 et
383 3043 502 3102 historio
529 3044 672 3122 praeclare
700 3042 777 3101 fircto
804 3045 920 3103 heroum
947 3053 1096 3104 morantes
1133 3081 1136 3086 -

213 3149 242 3202 et
262 3139 394 3221 lrujus'et
426 3143 536 3220 pristini
563 3144 708 3223 temporis,
739 3145 913 3224 philosophia
934 3145 1096 3205 sublimibus

212 3244 302 3301 sensis
335 3243 441 3300 animos
479 3244 629 3302 instruens.
685 3244 828 3304 Historiae
861 3246 934 3304 iuter
968 3247 1096 3326 exempla

207 3344 306 3422 juveni
327 3343 362 3400 od
384 3342 597 3400 aemulationem
617 3344 777 3423 proposito,
800 3346 846 3424 qui
864 3347 945 3428 regni
959 3349 1094 3424 pacifici

212 3442 262 3499 sub
284 3444 408 3498 Saturno
430 3441 514 3500 beros
539 3441 602 3501 fore
619 3443 748 3522 jubetur,
776 3445 867 3503 Asinii
894 3447 1032 3508 Polhonis
1053 3449 1093 3527 ip·
