2424 3994
196 187 244 252 M
453 180 607 242 ECLOGA
630 181 665 240 ll.
688 183 835 242 45—50.

123 417 132 427 ,
197 347 339 425 alaribus,
360 347 469 409 frondis
484 349 585 430 'speeie
605 357 635 409 et
656 369 732 410 nexu
754 349 829 408 elena
850 349 924 409 laud
945 354 1090 410 eontenta

197 458 280 511 erant
300 451 336 510 iis
361 452 391 510 in
413 451 512 522 terris,
547 470 619 529 quae
636 451 724 512 seder
755 458 852 510 essert
873 451 1031 512 venustatis
1057 431 1106 510 etx

196 551 337 622 laetitiae,
368 551 469 630 qnibrrs
495 571 620 612 cananae
645 559 803 632 pasterum,
835 551 990 622 victarum,
1019 552 1090 610 ada-

197 653 317 712 raaliurn
328 695 338 726 ,
369 653 483 712 dearum
505 651 572 710 festi
595 659 711 712 ornatus
742 659 832 712 erasit.
876 651 1032 713 Columella
1053 654 1092 710 ‹le

198 755 274 814 aultu
295 755 438 812 hortamur
459 774 486 814 v.
510 760 572 814 294
592 752 736 833 agriealas
752 754 835 832 jubet
855 752 954 824 fleres,
986 753 1016 812 in
1038 751 1091 812 fri·

198 875 271 936 gere
297 855 343 918 vel
364 853 493 920 matutini
523 854 568 915 vel
590 852 743 931 vespertini
770 854 903 932 temperis
930 854 1091 932 decerptae,

198 963 228 1015 et
249 956 331 1028 vina,
363 961 395 1014 ut
416 954 699 1034 aeleramintegram
726 936 888 1024 servarent,
919 973 1092 1033 conspersas

199 1057 330 1116 corbibus
350 1057 466 1118 venales
487 1057 516 1116 in
538 1056 634 1114 urben
656 1055 702 1116 vel
722 1055 849 1114 vimineis
863 1055 908 1116 vel
930 1055 1032 1133 sirpeis
1053 1055 1093 1116 aa

182 1157 345 1238 ¹Vertumni
366 1164 488 1217 statuam
516 1155 643 1227 deferre,
679 1156 753 1216 unda
780 1155 895 1234 erapulu
921 1155 1039 1236 gerulus
1061 1163 1094 1216 et

199 1259 262 1318 sinu
284 1258 404 1338 pecunia
430 1257 571 1336 complete
598 1258 707 1316 ‹larnum
734 1257 841 1316 redeat.
885 1258 1018 1334 Carydan
1046 1258 1093 1318 sui

199 1360 229 1418 itl
250 1358 325 1417 herti
346 1359 449 1417 denum
471 1357 636 1442 paniseitur,
660 1360 772 1431 fhute,
796 1358 913 1417 solemni
935 1379 1014 1420 mare
1034 1359 1093 1419 Lb.

201 1457 543 1538 lv‚115.120inigui.
586 1439 985 1538 Nymphae'appellabentar
1006 1481 1095 1539 quae·
1186 1521 1187 1530 ξ

180 1572 256 1639 'que
283 1560 354 1619 deae
381 1559 507 1638 lymphae
534 1560 656 1632 altricis,
689 1579 761 1638 quae
789 1579 827 1620 ex
854 1562 959 1622 lleeaai
987 1563 1097 1632 ambitu

201 1662 247 1723 vel
277 1668 376 1740 aperte
403 1661 521 1720 introitu
541 1663 587 1722 vel
617 1660 697 1722 venis
718 1661 910 1722 subterraneis
939 1662 1098 1724 inferretur

202 1762 257 1822 Llr.
277 1762 326 1834 lv,
349 1767 421 1824 344.
444 1767 506 1824 357
513 1785 521 1834 3
552 1762 702 1837 Najader
723 1764 866 1842 Nymphae
887 1783 1021 1842 aquarum
1044 1764 1097 1824 irn-

202 1863 299 1944 primis
320 1861 493 1924 terrestrium
499 1905 508 1935 ,
531 1863 669 1923 interdurn
691 1863 775 1923 etiarn
796 1865 881 1924 maris
901 1865 1020 1936 interni,
1050 1865 1097 1928 vel

203 1967 354 2036 Nereides,
388 1985 460 2043 quae
481 1985 499 2023 a
519 1963 630 2023 filiabus
652 1964 758 2026 lleeani
778 1965 820 2023 ita
841 1965 1097 2042 distinguerentur.

204 2065 307 2126 Suavis
329 2064 434 2142 apinia,
457 2061 541 2122 fleres
562 2070 679 2141 propter
698 2081 787 2141 aquas
808 2071 959 2122 nascentes
979 2067 1098 2144 aNym·

204 2167 266 2246 plis
288 2184 344 2223 nan
371 2170 479 2224 matum
501 2163 553 2234 uli,
586 2162 660 2240 qued
688 2169 733 2222 est
759 2163 833 2244 apud
854 2164 994 2228 Catullum
1015 2167 1098 2237 LXl,

206 2275 245 2330 23
269 2273 299 2326 et
320 2265 498 2344 Calpurnium
521 2263 572 2336 lx,
598 2271 647 2336 22,
669 2265 720 2324 sed
748 2265 782 2324 alr
813 2264 912 2323 iisdem
934 2266 1019 2325 etiam
1040 2287 1097 2332 ca·

206 2366 310 2428 lathir
323 2370 435 2440 ferri,
471 2366 585 2425 assidue
606 2366 810 2426 consuetudine
837 2355 979 2426 etiamad
1006 2367 1097 2426 hunri-

204 2467 285 2526 linris
307 2467 420 2545 spiritus
442 2465 540 2544 petisia
568 2465 734 2538 transierat3
762 2473 794 2525 ut
814 2467 947 2528 saltatrix
968 2463 1096 2548 (Cappa)

205 2566 319 2648 Virgilii
339 2586 367 2626 v.
391 2569 431 2624 15
452 2563 554 2625 viatori
574 2564 691 2624 laudare
711 2567 849 2644 patuerit:
973 2578 975 2586 ’

307 2679 343 2731 Et
360 2693 427 2747 qaae
444 2676 561 2744 virginea
577 2678 657 2732 libata
672 2680 793 2734 Achelois
811 2683 843 2734 eb
860 2696 936 2735 amne

391 2761 460 2814 Lilia
475 2762 593 2816 vimineis
611 2765 695 2817 attulit
711 2766 739 2818 in
756 2765 872 2818 calathis.

208 2867 277 2926 lade
296 2866 332 2928 ab
357 2867 410 2926 leae
429 2867 541 2948 Eelaga
561 2868 716 2928 Columella
741 2889 802 2928 earn
823 2891 852 2931 v.
875 2875 937 2931 299
959 2867 995 2927 (le
1018 2867 1095 2928 cultu

208 2968 351 3026 horterum
378 2975 520 3028 inamatus
549 2973 602 3028 est.
650 2970 744 3028 Plinio
756 2966 786 3049 ⁹)
816 2976 933 3028 euetare
959 2966 1097 3048 ejusmodi

209 3064 336 3128 calathi
355 3067 407 3128 lilii
428 3069 597 3130 dehiscentis
618 3069 824 3128 similitudinem
844 3069 998 3139 hebebant,
1029 3066 1096 3127 eali-

210 3171 251 3229 eis
262 3170 364 3228 instar:
388 3171 484 3248 quales
497 3189 547 3230 eas
559 3169 744 3270 spanhemius
763 3169 800 3228 erl
813 3168 975 3230 Callineclri
988 3170 1063 3230 Cer.
1072 3166 1095 3224 1.

209 3301 412 3312 —u-——c-uu

279 3385 304 3448 ⁶)
342 3381 408 3434 run
425 3380 540 3447 xnus.
559 3397 581 3432 s.
602 3382 642 3433 n.
