2392 3986
216 303 219 314 Ι
300 225 305 234 ·
362 213 517 279 actual
538 211 588 281 ut.
608 190 755 282 *rr-473.
942 225 1002 288 ur

110 401 181 455 uua,
213 378 344 443 irruituris
366 386 543 458 distinctum,
575 383 678 445 eximie
698 381 923 466 chr-promtum
944 387 1004 450 siva

111 503 229 544 aureum
250 486 351 568 malum
373 489 583 560 nominabatur3
618 488 754 558 alterum,
789 489 862 565 quud
884 507 942 547 uun
964 489 1005 550 ila

111 605 245 666 maguum
267 595 331 648 erat
352 595 381 646 et
403 582 642 660 odoratissimum,
675 589 702 648 in
730 585 810 649 silvia
841 596 871 648 et
891 591 1004 668 sepibus

111 688 290 746 nascebatur.
335 689 503 768 Calpurnius
525 690 634 750 nutavit
654 691 690 762 ΙΙ,
714 698 770 751 91:

180 819 266 872 Cerea
282 819 330 872 sub
347 821 418 872 tenui
435 821 522 874 lucere
540 822 657 889 Cydonia
673 823 742 874 lana.

111 917 241 1017 Cydonia
261 940 419 1000 intererant
440 949 469 1001 et
498 962 581 1023 quum
604 944 736 1023 Corydon
764 951 794 1002 et
815 964 898 1022 quum
919 944 1003 1003 rusti-

111 1059 161 1098 eus
183 1042 326 1120 Propertii
347 1045 401 1115 ΙΙΙ,
425 1056 461 1104 11
488 1041 584 1126 (13),
608 1052 649 1106 ΙῚ
668 1065 789 1125 pompa
810 1025 926 1106 munera
947 1044 1003 1104 fer-

110 1148 177 1200 rent
197 1143 300 1202 amoris
322 1145 375 1205 aui.
420 1145 531 1204 'l'amen
555 1164 643 1205 aurea
664 1145 737 1207 mala
754 1145 873 1205 Graecis
894 1145 1004 1206 Punica

111 1261 224 1323 quoque
245 1246 290 1305 vel
311 1253 434 1328 grauata
456 1267 494 1306 ex
514 1245 647 1309 Punica
666 1247 820 1308 Gramato
841 1245 885 1313 L·
909 1247 1003 1328 appel-

110 1344 258 1417 labantur,
292 1367 364 1426 quae
391 1356 421 1408 et
448 1349 509 1428 ipsa
536 1349 656 1427 aliquan!
683 1355 792 1430 partem
820 1369 873 1408 sua
901 1353 1003 1429 sponte

110 1448 307 1507 nascebantur.
351 1449 467 1509 'Malum
495 1451 611 1510 eitreum
644 1471 681 1510 ex
713 1452 805 1511 Citra
833 1449 1002 1510 Amantio
1112 1501 1126 1533 Ι,

110 1547 153 1630 L.
178 1548 232 1607 Lb.
254 1549 295 1622 ΙΙ,
320 1559 380 1613 126
402 1553 596 1634 appellabatur
622 1553 732 1632 quidem
754 1554 853 1612 eudem
881 1553 1002 1623 nomine,

110 1651 162 1708 sed
184 1649 212 1708 iir
229 1649 310 1710 ltalia
331 1673 387 1711 nun
410 1655 580 1714 nascebatur
594 1654 655 1712 'uiri
677 1663 740 1714 arte
761 1655 880 1727 cultum3
901 1654 1002 1712 malum

109 1751 249 1810 Medicum
272 1773 309 1812 ex
333 1755 425 1814 Citra
447 1759 574 1815 medica
594 1755 638 1815 L.
662 1763 719 1814 tum
748 1755 882 1835 temporis
905 1775 940 1814 ue
962 1754 1003 1812 sia

110 1853 231 1932 quiden.
275 1850 421 1914 l'etustum
444 1857 548 1916 decim
566 1877 618 1935 pro
641 1859 749 1915 decem
766 1851 837 1913 liber
858 1851 1003 1912 Romanus

109 1954 228 2014 habet.'
259 1957 398 2016 Mittere
435 1978 486 2038 pru
519 1956 596 2016 ferre
623 1957 679 2028 tx,
708 1945 744 2030 6}
775 1953 1029 2035 quemadmodum-

110 2075 253 2133 πεμπειν,
274 2058 350 2118 uude
368 2077 499 2137 pompa.
556 2079 560 2086 ’

194 2165 341 2220 72-73.
386 2162 444 2218 Sed
465 2161 531 2239 quid
554 2162 637 2240 juvat
659 2160 761 2231 amari,
794 2158 820 2217 si
841 2157 869 2216 iu
891 2155 1002 2216 blandis

109 2258 203 2336 perbis
227 2265 257 2318 et
278 2260 362 2318 meria
385 2260 528 2336 obsequiis
550 2260 755 2337 acquiesciturl
775 2259 838 2316 Hae
858 2257 927 2318 dicit
944 2257 1002 2314 lla·

108 2359 219 2419 moetas
240 2360 298 2416 ‹luo
320 2358 469 2436 proverbia
486 2361 630 2438 jungens:
653 2356 754 2415 Dulcia
776 2355 912 2417 Galateae
934 2355 1002 2412 allo-
1028 2345 1038 2354 ⁸

106 2461 176 2540 quia
198 2466 228 2516 et
240 2457 456 2543 ¹obtestationes
477 2457 561 2517 facile
582 2478 600 2516 a
620 2455 713 2520 ventis
735 2454 915 2529 auferantur,
946 2455 1003 2515 lrua

107 2567 171 2631 est,
199 2577 257 2616 nou
279 2563 343 2616 rata
363 2555 442 2618 fiant.
485 2560 598 2620 Utinam
625 2559 718 2638 aliqua
740 2559 838 2618 saltem
861 2556 897 2615 ad
918 2575 1002 2616 aurea

109 2661 225 2722 deorum
237 2659 415 2740 perveniant,
437 2660 456 2720 ii
473 2670 506 2721 ut
526 2669 614 2722 testea
636 2660 705 2726 laeti
719 2666 847 2731 caveant,
869 2679 905 2717 na
920 2655 1002 2718 irrita

109 2763 254 2822 maneant!
298 2757 343 2821 lta
363 2764 496 2835 lluaeua,
518 2765 705 2833 castelvetro,
728 2762 786 2822 alii.
830 2757 1000 2818 Obtestatia·

110 2883 177 2935 nea,
206 2882 310 2942 preces
333 2871 362 2922 et
390 2870 456 2924 vota
479 2869 579 2944 louge
605 2863 796 2922 absentibus
823 2859 876 2916 diis
898 2859 926 2928 l,
950 2862 1001 2917 37.
1106 2929 1108 2932 Ι

111 2969 150 3024 42
174 2966 233 3024 alta
245 2985 316 3025 tuce
338 2963 563 3034 declarabantur,
586 2970 615 3022 et
629 2984 647 3022 a
663 2963 756 3036 ventis
777 2957 1000 3040 perferebantur.

110 3065 206 3124 Venus
228 3065 338 3144 quidem
359 3065 387 3124 in
411 3065 503 3125 Ovidii
523 3065 606 3124 Met.
624 3063 663 3134 X,
686 3069 746 3124 642
769 3060 852 3122 tlieit:

178 3197 277 3250 Detulit
294 3213 356 3250 aura
374 3211 464 3264 preces
482 3198 514 3249 ud
532 3211 574 3250 me
591 3211 645 3249 non
661 3193 749 3248 lurida
765 3194 880 3248 blandae.

111 3316 149 3374 at
171 3315 199 3374 iu
222 3316 320 3381 Quinti
342 3317 370 3389 l,
393 3325 451 3378 681
477 3318 512 3376 ab
533 3317 633 3387 Auris,
656 3315 722 3375 liliis
743 3315 869 3383 lloreae,
898 3310 999 3370 caedet

109 3415 185 3477 filiae
206 3417 404 3476 Penthesileam
421 3417 572 3476 Amrrzonis
583 3417 668 3476 Marti
691 3416 849 3474 nunciatur.
893 3412 1000 3468 Contra
