2424 3994
380 233 534 294 ucuoaa
556 234 577 292 r.
610 239 754 296 ra-sa.
818 297 823 304 ,
936 216 942 228 ‘
971 242 1017 302 ao

124 425 174 464 ora
195 402 392 464 consentiunt:
424 404 532 462 Caesar
554 410 585 461 at
605 395 700 480 polest
720 400 852 480 opitulari
875 406 904 460 et
926 399 1017 479 opitu·

121 505 240 564 labitur!
285 505 393 564 Novum
404 504 556 582 periculum
578 503 704 581 quamvis
721 521 852 581 margatum
873 502 919 572 sit,
942 482 1016 580 quod

121 607 258 664 Mantuae
279 605 384 675 instat,
406 605 471 663 lluic
492 603 629 662 catalauni
652 609 744 661 tomen
767 602 815 661 illa
836 601 956 662 fiduciae
976 603 1018 660 itu

122 727 179 764 noa
208 705 295 766 rcrlra
317 703 428 764 dedisse
456 703 574 782 polerit,
607 710 640 762 ut
667 723 784 782 sperare
804 703 904 773 liccat,
933 703 1018 762 etlam

121 803 292 884 amplificata
325 805 434 878 tutela,
479 825 542 864 eum
575 824 627 862 aas
658 804 804 883 recipere,
847 803 894 882 qui
929 821 1018 882 prope

122 907 219 966 absint
238 904 375 965 infelices.
402 939 444 950 -
487 903 692 976 Mansuete,
729 925 801 985 ergo
822 911 852 962 tu
875 905 1016 965 uereba-

121 1006 214 1066 babis
224 1025 292 1064 rora
312 1007 379 1064 tual
412 1006 432 1064 i.
455 1025 480 1064 e.
503 1005 631 1064 domiuus
659 1025 711 1064 sua
736 1005 858 1066 lababit.
901 1005 1017 1066 Parca

122 1113 189 1166 suut
211 1115 241 1164 et
261 1125 391 1178 macra,
426 1107 477 1164 sed
505 1105 582 1164 tari.
606 1125 631 1164 a.
653 1123 726 1176 coc,
761 1124 833 1182 quae
854 1113 953 1164 vestra
973 1113 1017 1165 cst

123 1206 339 1277 abstinentias
330 1207 367 1267 ris
388 1205 516 1267 conteuti
538 1204 622 1264 estis!
656 1205 791 1264 Studiose
814 1204 966 1285 Virgilius,
989 1211 1018 1262 ct

123 1327 180 1386 quo
206 1307 299 1388 magis
332 1307 359 1364 ci
386 1304 469 1366 fidem
496 1305 634 1375 labeant,
667 1305 760 1364 alleca
788 1305 919 1364 oratioue
945 1305 1016 1384 ejus,

122 1408 180 1487 qui,
203 1407 290 1488 agelli
311 1407 431 1478 viciuos,
452 1425 541 1487 propa
563 1425 627 1466 eum
649 1414 834 1488 cognoverat,
858 1427 916 1466 ram
938 1424 1016 1465 suam

123 1516 269 1579 attenuat,
303 1517 335 1568 ut
356 1507 531 1587 paupertatis
558 1507 747 1579 coutinentia,
781 1527 854 1586 quaa
875 1508 1016 1587 paululum

123 1609 228 1670 adimat
249 1629 335 1670 avaro
357 1609 446 1680 militi,
469 1608 586 1689 gravius
609 1616 782 1670 corumoveat
801 1609 934 1668 Caesaris
956 1608 1015 1666 oci-

122 1729 205 1770 mum.
254 1709 326 1790 Agri
354 1711 416 1790 ejus
444 1729 461 1767 a
488 1707 601 1787 saxosis
629 1715 659 1766 ct
685 1709 860 1769 silvestribus
888 1709 1015 1780 collibus,

122 1810 170 1870 ubi
191 1811 312 1888 Tityrus
331 1817 392 1868 urm
414 1811 562 1888 pascebat,
590 1809 627 1868 acl
645 1821 751 1882 prata
768 1813 945 1883 palustria
967 1811 1016 1870 de·

122 1911 306 1989 scandebant
323 1911 433 1982 Mincii,
472 1910 519 1988 qui
546 1911 636 1968 lucum
668 1910 713 1967 hic
740 1908 882 1969 alliciebat
907 1911 963 1980 ΙΧ,
986 1917 1015 1969 7.
1084 1915 1086 1920 ’

122 2010 255 2072 Nudam
276 2031 390 2087 rupem
411 2009 510 2090 lingit,
543 2009 696 2088 hyperbole
724 2029 807 2081 osus,
843 2009 1016 2088 super-iatam

123 2118 241 2186 tarram3
254 2113 431 2187 juncorum
449 2113 607 2188 paludem
626 2111 782 2170 tenuissimi
804 2095 956 2189 prouectus
974 2112 1015 2170 in·

123 2210 270 2284 seriorem,
304 2213 353 2273 vix
367 2231 431 2289 vquo
458 2231 561 2288 pacoro
590 2212 667 2288 pasci
689 2212 808 2290 possint.
845 2213 964 2272 trauan
987 2220 1016 2272 et
1107 2255 1109 2260 -

122 2313 222 2372 summi
243 2319 274 2374 et
294 2308 342 2370 imi
364 2309 466 2378 colles,
498 2309 617 2368 sonuum
639 2310 775 2368 scatebris
796 2310 912 2388 irrigui,
941 2331 1016 2370 eam-

121 2413 185 2472 dem
207 2410 303 2490 pabuli
325 2407 497 2487 praebebant
518 2407 673 2468 ubertatem
694 2415 723 2468 et
742 2408 840 2486 pacari
857 2416 885 2470 et
907 2411 1015 2489 apilrm,

119 2530 208 2591 quara
235 2508 325 2568 amuis
350 2511 421 2568 haec
440 2508 495 2567 Lb.
517 2509 558 2579 ll,
582 2515 643 2570 200
669 2507 740 2568 felix
765 2509 862 2592 regim
894 2512 1015 2574 mediac-

120 2630 178 2692 qua
199 2615 283 2670 arant
302 2618 418 2694 segetes
438 2609 570 2670 frumeuti
591 2609 672 2670 ulmis
693 2611 801 2671 maritis
822 2612 969 2674 intersitae
986 2635 1013 2676 v.

123 2718 173 2774 56.
215 2711 348 2772 ,loacas
366 2712 513 2772 collectiva
535 2712 655 2782 uomina,
677 2713 761 2790 quala
782 2715 1013 2796 cffiacoclldysa.

122 2813 156 2883 V,
179 2818 251 2872 463.
294 2809 413 2891 Agellus
433 2818 499 2872 tuus
520 2810 646 2888 quamuis
666 2833 774 2892 pauper
795 2815 847 2885 sit,
869 2822 899 2874 te
921 2822 1013 2874 mmcu

122 2932 197 2984 uon,
216 2919 259 2972 ,ut
279 2911 410 2974 miserum
431 2912 549 2970 amicum
570 2918 662 2984 muru,
696 2931 759 2972 cunr
781 2933 874 2993 grege
902 2923 1015 2993 oportet
1126 2961 1137 2984 ,

122 3013 152 3072 in
184 3011 356 3092 longinquas
389 3017 480 3070 tarras
510 3009 664 3092 aufugero,
708 3012 738 3070 ia
775 3013 874 3090 quibus
907 3022 1014 3080 ructato

122 3112 215 3190 pastio
237 3112 514 3180 imiacillasmatres,
535 3119 683 3188 postquam
704 3115 866 3192 pepererint
876 3123 906 3174 at
923 3117 1012 3194 prius·

123 3230 205 3289 φιαιι
226 3211 339 3289 pariant
361 3207 407 3290 (ut
432 3212 519 3282 lanc,
552 3229 634 3287 qoam
656 3212 743 3283 duco,
777 3215 903 3294 capram)
926 3216 1012 3276 cosli,

124 3312 195 3382 ciat,
226 3313 334 3392 greges
360 3312 445 3370 ctiam
471 3310 546 3374 inter
571 3319 697 3370 macutes
726 3313 796 3383 sint,
831 3316 878 3391 qui
906 3317 1012 3394 reliquo

123 3413 217 3490 pecori
244 3413 348 3472 morbis
378 3410 513 3472 officiunt.
567 3411 706 3482 Gracia,
742 3421 874 3484 onustos,
905 3417 1011 3485 mous,
