2434 3988
159 251 208 318 aa
407 244 563 320 nonooa
583 244 632 345 vp,
652 250 804 308 re-rr.

160 414 306 494 Auernus,
335 411 485 475 Eridanus.
528 411 613 482 Quod
634 414 724 497 mejur
745 412 797 486 sit,
830 411 961 492 (lrpbeus
983 413 1051 474 nub-

162 513 270 573 dititius
281 515 353 596 Arg.
376 522 458 578 1134
479 513 596 596 propter
608 495 765 589 Oceanum,
777 496 843 597 ¹gun
863 515 899 574 ad
918 514 1051 594 occiden-

162 623 217 675 tem
239 615 327 675 solem
348 623 378 676 et
404 592 440 677 od
466 603 683 699 septemtriones
710 622 835 697 spectat,
867 616 955 696 ipsam
972 617 1052 693 ‘ligr-

160 716 290 777 mioniam
311 716 442 799 reperit,'
455 739 543 799 prope
565 720 600 778 ab
622 739 672 791 eo,
695 718 818 798 quitum
839 725 916 790 erat,
938 719 974 777 ed
997 719 1050 777 llr-

37 838 40 850 *
160 839 222 878 cum
243 820 332 880 aditu.
381 821 478 886 Quare
503 820 570 900 quid
597 820 711 892 mirum,
740 820 829 898 quod,
859 839 915 898 quo
942 827 1048 894 aetate,

160 909 243 999 quum
264 921 376 1002 saepius
396 922 463 981 litus
485 922 649 1004 Argolicum
677 920 795 983 navibus
821 921 962 996 adiretur,
989 913 1049 980 lli·

160 1042 228 1082 roeo
250 1009 346 1103 Scylla
367 1022 494 1084 biformis
509 1025 601 1084 locun
624 1043 704 1082 snum
729 1042 786 1081 non
810 1022 928 1103 amplius
950 1029 1049 1083 tenere

161 1132 272 1205 posset,
294 1132 396 1207 politae
417 1125 503 1205 aliqui
524 1126 553 1184 in
575 1124 705 1184 fabuloso
727 1123 811 1183 etiam
832 1131 890 1182 tum
911 1123 987 1183 freto
1002 1124 1049 1184 Si·

160 1226 242 1286 ciliae
263 1243 324 1288 eom
346 1227 507 1307 posuerint:
539 1226 690 1306 partimin
711 1225 815 1288 vicinio
836 1245 924 1305 prope
945 1226 1050 1286 Homo·

159 1327 246 1386 ricem
267 1327 354 1389 filiam
375 1329 548 1400 Cretaeidis,
570 1328 630 1389 sivo
652 1327 837 1408 posteriorem
853 1327 1049 1406 Phorcynider

160 1428 261 1507 partim
277 1430 361 1489 etiam
377 1451 427 1510 pro
445 1430 502 1488 illa.
535 1431 561 1487 Α
579 1430 659 1502 Niso,
682 1429 962 1489 comminiscebantur
978 1437 1047 1504 tum,

159 1536 313 1588 monstrum
336 1531 474 1612 originem
502 1530 634 1603 duxisse,
669 1532 759 1610 quud,
795 1531 953 1611 oppositum
976 1532 1049 1592 cua-

159 1628 256 1706 rybdis
276 1632 404 1713 gurgiti,
432 1632 674 1712 praetervehentis
692 1630 805 1712 Ulyssis
834 1632 951 1718 comites
977 1654 1049 1693 non·
1112 1663 1114 1668 ¹

160 1729 251 1789 nullos
273 1733 390 1793 canibus
411 1735 471 1794 suis
493 1734 723 1816 succingentibns
745 1734 949 1795 dilaceraverit.

227 1840 400 1898 ‘to-77.
444 1836 682 1903 Quemadmodum
703 1836 773 1901 buc
794 1835 857 1915 ipse
878 1838 999 1916 Scylla
1019 1841 1049 1896 et

161 1933 273 2016 origine
295 1945 324 1996 et
345 1935 436 1999 forma
457 1958 510 1998 sue
530 1939 565 1998 ab
587 1938 737 1998 Homerico
758 1937 912 2016 discrepat,
940 1938 982 1998 ito
1004 1956 1048 1998 re·

159 2033 252 2114 liquoo
274 2047 502 2118 quoque-partes
523 2039 645 2099 fabulae.
688 2040 759 2098 Nam
781 2039 945 2099 Homericus
962 2040 1047 2120 Ulys-

159 2156 206 2196 ses
233 2157 324 2216 neque
351 2141 491 2221 regnabat
516 2137 687 2211 Dulichii,
720 2159 811 2218 nequo
832 2161 850 2199 a
871 2141 1047 2221 Laestrygo-

159 2237 243 2297 nibus
264 2241 326 2319 plus
347 2247 479 2302 unicam
500 2262 614 2303 nauem
635 2249 807 2303 servaverat.
849 2240 1046 2302 Dulichium

160 2359 198 2398 ex
218 2340 318 2401 insulis
338 2344 526 2406 Echinedibus
548 2346 583 2404 ad
604 2344 730 2403 limosum
751 2344 852 2403 ostium
874 2345 991 2404 Acheloi
1013 2345 1046 2407 ΙΙ.
1094 2349 1096 2356 “

160 2441 195 2514 ΙΙ,
216 2449 276 2505 635
292 2453 367 2517 erat,
390 2459 504 2525 quarum
521 2446 649 2526 princeps
662 2447 764 2528 Meges
778 2467 839 2506 cum
856 2446 1052 2528 quadraginto-

159 2543 277 2603 nevibus
298 2546 334 2603 od
345 2549 464 2626 Trojam
481 2546 730 2627 proficiscebatur,
752 2568 835 2628 quum
850 2549 979 2628 princeps
992 2550 1045 2608 Ce-

157 2643 329 2721 phalleniae·,
362 2647 494 2724 Ulysses,
527 2648 674 2707 duodecim
695 2669 750 2708 non
779 2650 1045 2729 ampliusboberol.

157 2745 222 2822 lpse
239 2745 401 2805 Herodotus
418 2747 452 2818 ΙΙ,
479 2757 517 2809 10
534 2749 650 2808 alteram
666 2735 773 2830 purtem
790 2751 961 2812 Ecbiuedum
976 2752 1042 2811 limo

33 2867 36 2872 ’
158 2854 281 2928 aggesto
303 2869 365 2908 cunr
391 2850 546 2909 continenti
575 2857 653 2910 terro
678 2853 870 2913 continuatam
896 2853 979 2927 vidit,
1015 2859 1045 2913 ot

157 2949 340 3031 Thucydides
361 2960 522 3013 cunctorum
546 2953 623 3014 brevi
645 2961 770 3033 tempore
799 2955 914 3014 similem
936 2963 1053 3014 sortem>

156 3050 278 3112 futuram
300 3055 449 3133 praedixit.
493 3057 569 3116 luter
586 3057 689 3136 primas
703 3054 900 3117 Dulichium
916 3058 1041 3130 Homeri,

156 3153 243 3215 tritici
272 3153 354 3216 ferax
387 3165 416 3218 et
443 3160 606 3230 herbosum,
644 3160 724 3239 cujus
750 3159 954 3241 quinquaginta
985 3160 1040 3218 duo
1107 3213 1109 3220 ,

86 3296 91 3303 -
157 3258 266 3318 nobiles
281 3258 402 3337 juvenes
413 3260 576 3342 Penelopen
592 3261 767 3333 ambiebant,
789 3261 948 3322 accrevisse
965 3261 1042 3322 vide-

156 3366 211 3421 tur.
255 3361 359 3420 Strabo
380 3360 454 3421 enim
474 3362 504 3420 X
525 3385 553 3443 p.
576 3370 637 3426 458
658 3364 795 3443 reliquas,
826 3382 899 3443 quoe
920 3363 1043 3444 quinque

85 3472 93 3484 ”
156 3462 200 3524 vel
221 3461 379 3542 quindecim
404 3463 504 3525 nuliis
525 3464 545 3540 i.¹
567 3485 593 3524 e.
620 3465 696 3526 intra
721 3463 862 3525 dimidiu-
882 3465 1041 3526 milliarium
1121 3555 1125 3566 ι
