2424 3994
383 239 538 300 norom
558 239 581 298 r.
608 243 752 301 11-1e.
968 192 1011 310 ia

117 417 364 494 litumpotestote
384 430 449 471 asse
476 415 599 490 poterat.
642 409 713 470 Nora
735 429 792 469 non
820 406 900 499 agris
921 405 1012 466 solum

119 525 150 582 et
171 516 300 577 donibus
322 513 433 592 pristini
445 529 627 592 possessores
649 513 844 582 eruebantur,
866 513 1013 572 sedetiam

120 619 213 680 seruis
223 616 437 696 spoliabantur,
459 614 522 673 sine
543 613 645 690 quibus
664 612 775 672 illorum
796 615 940 693 possessio
951 615 1012 674 nul-

119 723 178 781 lam
205 717 329 778 babebat
353 716 504 776 utilitatem
533 721 564 774 et
590 713 733 785 omnibus,
766 733 951 794 quaecunque
977 717 1014 776 ad

17 815 18 818 ’
119 840 170 884 res
191 821 314 880 rusticas
334 818 527 897 pertinerent·
562 815 728 888 Quaeres,
756 817 811 876 nisi
833 837 884 896 per
905 819 1014 898 sejam

121 923 195 986 satis
216 920 438 1001 intelligeretur,
460 937 498 978 ex
520 916 591 996 ipsis
611 916 714 978 Dionis
735 917 828 978 Cassii
848 920 944 980 uerbis
965 941 1014 1000 pa·
1140 970 1143 978 ,

121 1031 213 1095 teret3
246 1023 302 1082 imo
323 1019 451 1100 proximo
474 1038 549 1078 anno
576 1037 659 1096 mum
681 1019 802 1100 Virgilio
829 1020 934 1080 fundus
955 1021 1014 1081 adi·

122 1131 269 1195 meretur‚
295 1121 459 1182 remanebat
480 1119 588 1179 Moeris
610 1119 668 1190 lX,
698 1125 715 1177 2
739 1126 769 1178 et
788 1122 945 1182 udsentitio
965 1123 1015 1182 da·

123 1227 201 1288 mino
221 1224 324 1307 gregis
355 1221 477 1282 functum
498 1221 643 1280 Mantuam
665 1218 813 1281 afferebat.
856 1202 902 1282 lta
921 1223 1017 1302 potius

124 1349 173 1390 res
188 1347 221 1386 re
241 1325 345 1386 babere
356 1325 477 1386 videtur.
520 1323 657 1381 Extremo
679 1322 911 1408 ennoDCCXlll
933 1343 1018 1403 quum

17 1479 18 1486 ,
124 1432 202 1490 inter
227 1428 264 1488 L.
291 1426 444 1486 Antonium
472 1431 502 1484 et
527 1424 710 1484 Octavianum
736 1425 888 1484 Caesarem
915 1426 1018 1486 bellum

17 1589 23 1613 ι
124 1530 296 1592 Perusinum
322 1527 499 1597 exoriretur,
530 1526 644 1607 legatos
672 1525 803 1598 Antonii,
833 1528 961 1588 Asinium
988 1535 1018 1588 et

125 1631 289 1716 Ventidium
315 1651 332 1689 e
354 1629 448 1690 Gellia
473 1627 565 1688 leucio
591 1627 771 1699 subvenisse,
802 1630 946 1708 Appianus
967 1649 1018 1690 au·

126 1741 192 1794 otor
213 1739 273 1804 est3
295 1751 379 1802 vero,
410 1731 446 1790 ab
472 1729 609 1789 ulteriore
637 1729 740 1789 itinere
761 1751 779 1789 a
800 1732 926 1790 Cnesme
953 1750 1018 1810 pro·

126 1836 252 1910 bibitos,
284 1835 438 1894 Ravennae
464 1840 495 1890 et
515 1830 632 1892 Arimini
660 1831 831 1892 substitisse.
874 1833 943 1893 inde
964 1833 1019 1914 igi

128 1945 177 1996 tur
198 1935 233 1996 ab
255 1936 308 1995 boe
339 1943 465 2013 temporo
487 1933 606 1994 vocabat
632 1932 715 2013 regio
742 1932 954 2012 Transpadana
984 1934 1020 1992 ab

129 2038 258 2100 omnibus
285 2037 374 2116 copiis
396 2035 528 2106 errantis,
559 2041 684 2114 atquae
703 2035 753 2095 uix
785 2035 876 2095 adbuc
896 2035 1021 2096 ooeroita

128 2140 224 2200 flueret
249 2146 446 2200 veteranorum
473 2137 589 2196 militum
618 2137 850 2196 Cremonensium
883 2137 1021 2216 impoten-

128 2242 185 2312 tio,
217 2259 253 2300 ea
273 2258 349 2298 nune
376 2239 486 2296 demum
512 2257 619 2296 summo
647 2238 771 2314 periculo
799 2237 827 2295 in
842 2239 1022 2298 ‘vicinitatem

128 2341 306 2408 imminebat,
329 2345 359 2395 et
379 2353 447 2392 mox
467 2353 536 2394 vare
556 2336 730 2404 insanabili,
755 2344 783 2395 2.
819 2337 1022 2398 -ltlodointra-

127 2449 213 2505 uerat
241 2439 425 2496 Mentuonnm
458 2453 575 2516 agrum,
609 2441 639 2494 et
664 2440 745 2496 tatia
778 2442 877 2515 agria
891 2438 1023 2499 ‘Andiuis

128 2539 244 2621 trepida
263 2536 335 2619 fuge
355 2537 596 2609 mordebantur,
618 2537 666 2617 qui
688 2536 902 2599 instrumentum
923 2541 1024 2600 saltam

129 2650 161 2706 et
181 2640 383 2721 supellectilem
400 2639 534 2700 rustieam
555 2640 591 2700 ub
613 2639 812 2722 ingruentibus
833 2642 1023 2721 praedonibus

130 2764 247 2806 servare
264 2743 423 2802 studebant.
466 2741 640 2802 Turbatur
655 2743 673 2802 i.
687 2763 712 2804 e.
729 2743 856 2802 homines
873 2744 1024 2803 turbantur

132 2853 162 2905 et
173 2864 245 2924 qnae
256 2844 292 2904 ad
306 2843 434 2902 homiues
450 2843 603 2923 pertinent,
624 2846 757 2924 majorem
767 2846 822 2906 vim
842 2843 968 2928 habetet
983 2845 1023 2904 la·

131 2947 188 3006 tius
205 2951 285 3025 potet
300 2949 329 3004 et
347 2943 552 3010 atiuintiliano
566 2944 717 3026 legebatur
730 2951 762 3004 et
778 2933 1025 3024 praeferebatura

132 3047 234 3110 Servio
248 3045 372 3106 tenuiter
387 3044 661 3116 dicenturnam,
684 3045 758 3124 quod
775 3053 822 3106 est
836 3047 864 3106 in
877 3048 950 3108 libro
966 3049 1024 3111 llu-

132 3146 235 3206 faiensi
245 3147 280 3206 A.
308 3147 370 3206 Hae
380 3145 408 3204 in
419 3145 635 3227 demigrantium
649 3146 740 3218 turbo,
752 3148 908 3209 Meliboeus
919 3151 1024 3232 pergit,

111 3245 208 3326 ‘ipre
228 3245 378 3306 intersum:
403 3246 496 3305 anino
518 3265 623 3326 aeger
646 3245 715 3327 (Lo.
730 3249 758 3320 l,
778 3257 862 3320 237,
884 3252 939 3322 ill,
962 3258 1025 3313 464

134 3369 191 3408 noa
218 3347 352 3426 corpore)
386 3347 484 3426 procul
513 3347 579 3407 lrino
611 3349 735 3428 capellas
763 3363 925 3427 paramur
957 3371 1024 3432 agro.

20 3447 22 3470 ⁸
134 3449 301 3510 prorem
326 3449 385 3510 sive
404 3454 563 3526 pretim
585 3469 622 3510 ex
647 3471 750 3528 porro
770 3463 875 3510 dem
905 3451 941 3508 de
961 3453 1025 3509 loeo
