2446 3972
169 227 234 290 tto
454 213 609 274 ucnoon
631 206 706 286 vm,
720 217 779 312 or.

169 379 401 462 extemporniinm
424 379 452 439 in
475 401 549 463 agro
571 386 805 452 commentorum,
833 399 904 459 quos
926 357 990 440 arte
1011 401 1064 442 ex·

169 484 262 545 cultos
290 503 385 542 coram
413 484 550 564 Virgilius
577 484 721 562 producit,
751 483 855 542 nullum
879 482 956 541 alind
978 478 1064 543 sarcito

65 619 95 654 ·,
169 584 270 657 fuerit,
311 582 366 642 nisi
394 589 426 642 nt
453 585 542 644 otium
568 586 608 644 itu
635 587 772 644 haherent
799 585 834 644 ad
863 583 1064 645 meditandum.

170 688 258 748 Talin
285 687 430 766 prooemia
456 707 475 744 a
500 685 638 745 redeunte
660 707 748 748 ,versu
778 687 862 766 hujus
890 690 1064 768 argumenti,

169 810 301 859 cauam,
324 807 410 865 saepe
432 787 540 845 initium
562 788 728 866 capiebant,
744 795 780 846 et
802 779 963 872 πρόᾳσμα,
987 811 1065 871 προ-

172 884 293 963 αύλιον,
329 880 534 970 προαύλημα,
572 891 647 968 opud
675 888 803 949 fidicines
825 883 1063 972 προανάκρεσις,

171 982 406 1072 προκιθάρισμα
429 991 650 1076 appellabantur.
694 993 769 1050 Erat
786 1010 907 1071 quoque,
929 992 977 1050 ubi
998 1012 1065 1052 con-

170 1093 313 1153 clusiones
335 1092 470 1172 quaedam
492 1089 576 1150 finem
592 1091 784 1171 imponerent,
809 1094 861 1152 hac
876 1092 1064 1172 praefatione,

170 1200 287 1266 cecini,
309 1185 527 1274 ἐπιμελῴδημα
550 1202 578 1253 et
600 1187 702 1275 ἐπῳὸή
725 1195 826 1252 dictae.
871 1196 998 1274 Utraque
1020 1195 1066 1254 hic

171 1317 228 1354 non
254 1295 349 1354 'minus
376 1302 457 1368 snut,
486 1315 567 1374 qnam
597 1295 632 1353 iu
652 1295 749 1375 primis
771 1296 929 1355 Theocriti
946 1303 976 1355 et
998 1297 1065 1356 Bio-

171 1398 216 1456 nis
229 1396 347 1475 idyiiiis3
370 1416 536 1474 quamquam
549 1396 699 1456 Theocriti
717 1397 842 1476 Thyrsis
854 1417 966 1460 carmen
984 1418 1064 1456 suum

171 1505 241 1556 tunc
263 1498 373 1576 quidem
396 1505 505 1555 tantum
527 1498 687 1576 repetitum,
711 1519 767 1556 non
790 1516 891 1566 recens
912 1499 1064 1575 inventum,

172 1605 202 1656 et
224 1597 280 1655 isto
303 1605 431 1676 tempore
453 1599 515 1658 sine
537 1597 633 1658 fistula
656 1601 797 1671 decantat,
821 1600 909 1660 Panis
925 1601 1066 1662 reveritus

172 1697 251 1756 iram·
305 1699 477 1758 Germaniae
510 1690 602 1780 podiis
635 1702 819 1781 popularibus
853 1721 983 1764 versuum
1012 1704 1066 1763 hoo

93 1851 98 1858 .
145 1798 149 1807 ¹
173 1819 266 1880 genus
288 1798 515 1874 intercalarium,
547 1823 631 1881 quum
654 1805 832 1884 consuetudo¹
853 1805 901 1863 iiia
921 1805 1067 1885 popularis

172 1901 255 1959 nobis
278 1923 334 1960 non
356 1903 403 1974 sit,
426 1905 542 1964 concedi
565 1927 623 1964 non
643 1927 728 1985 posse
750 1906 874 1979 videtnr3
897 1914 976 1967 recte
998 1927 1085 1968 vero.

122 2026 125 2032 ·
174 2002 251 2060 alind
279 2004 435 2080 quoddam,
473 2008 547 2083 qnod
575 2009 610 2064 ad
637 2028 695 2066 rem
718 2007 828 2066 interea
849 2010 989 2088 agendam
1012 2007 1068 2068 nli-

137 2137 140 2160 ,
175 2123 258 2181 quom
285 2104 411 2162 canitur:
443 2107 541 2184 quate,
577 2108 640 2164 dum
669 2109 781 2188 magica
802 2111 915 2190 vertigo
937 2111 1069 2171 volvetur

174 2202 251 2269 infra
281 2225 308 2264 v.
337 2212 377 2266 68
408 2212 437 2264 ct
465 2209 539 2285 apud
567 2209 771 2282 Theocritum,
810 2217 860 2268 ant
885 2210 942 2269 fusi
964 2211 1068 2272 fatales

176 2305 250 2383 apud
283 2308 422 2364 Catullum
452 2305 550 2382 ang
589 2320 633 2384 et,
667 2313 721 2370 nisi
748 2313 820 2372 made
847 2313 928 2372 nobis
950 2315 1069 2375 cedebat

175 2415 312 2479 conatus,
341 2410 404 2466 dnm
428 2417 589 2490 tympanum
613 2414 781 2472 Druidarum
805 2424 958 2479 murmurat
981 2435 1069 2496 prope
1141 2483 1144 2490 ¹

176 2511 402 2596 cuseae'gentis
430 2513 482 2572 viri
513 2516 645 2572 tumulum
661 2520 699 2596 ⁰).
743 2517 869 2575 Fcunico
896 2524 989 2592 ttamen
1018 2518 1070 2576 uii-

176 2609 222 2664 cui
254 2609 412 2667 Theocrito
447 2613 524 2689 prins
557 2634 669 2699 qnoque
701 2637 794 2698 genus
828 2618 994 2700 permissum
1021 2618 1069 2678 sit.

177 2707 337 2766 Secundum
359 2693 498 2772 Portiani
520 2715 592 2774 enim
615 2719 785 2798 scriptiones
807 2722 848 2778 tle
866 2725 961 2796 poesi
983 2720 1071 2780 Fen·

176 2811 255 2867 aeica
278 2807 371 2889 (Gau.
394 2812 466 2872 Anz.
489 2824 571 2878 1779
594 2819 637 2878 St.
661 2825 715 2898 96)
739 2821 868 2901 ruagistri
886 2821 995 2880 rtrunici
1012 2841 1069 2880 non

178 2913 358 2972 commentati
379 2913 502 2995 tingunt,
526 2922 676 2980 emendata
698 2923 841 2992 oratione,
865 2921 933 2982 trita
955 2921 1069 3002 fugien-

178 3015 231 3083 tes,
254 3015 407 3074 audacibus
429 3016 530 3098 figuris
553 3029 582 3087 et
603 3022 819 3094 intersionibus,
842 3031 872 3080 et
892 3023 989 3080 multis
1003 3024 1070 3082 sui>-

179 3109 350 3188 tiiitatibus,
407 3119 508 3194 quibus
539 3141 600 3200 lars
643 3124 785 3184 rhetorica
825 3123 938 3185 nomina
986 3124 1070 3184 indit.

176 3210 284 3294 Nempe
309 3216 339 3274 in
365 3215 474 3274 Fannia
501 3230 678 3283 correctores
705 3231 772 3284 sunt
804 3224 891 3295 nulli,
913 3225 961 3302 qui
984 3226 1068 3284 ardo·

211 3365 258 3371 .-..-
266 3365 382 3373 n·—

247 3425 276 3488 ·)
310 3427 368 3478 roa.
382 3430 458 3480 Horu.
477 3433 666 3502 annituntur.
698 3439 1072 3522 Regiomontiiffllpditss.
