2414 3978
174 247 242 312 mo
428 237 646 320 ucnoesyx,
669 213 804 298 eo-ssor.

174 405 300 486 Alpium,
330 405 380 466 vix
406 406 513 488 dignae
534 412 615 478 sunt,
644 424 716 484 quac
737 402 907 468 referantur.
952 405 1064 468 Crimen

174 507 367 589 ambiguitatis
393 529 451 567 non
478 506 699 568 reformidabant
720 510 848 579 veteres,
877 506 988 583 quoties
1009 529 1066 567 una

172 609 370 688 interpretatio
391 607 559 668 sententiam
579 606 725 668 efficiebat
745 606 883 677 nobilem,
904 607 996 668 altera
1017 609 1065 668 de-

172 713 255 772 bilem
284 718 333 770 ant
359 711 489 783 stultam3
515 711 638 770 lectores
664 708 718 768 sibi
745 707 943 787 proponebant
971 709 1063 771 animo

172 815 317 893 sapientes
338 820 367 872 et
388 812 541 873 benevelos
562 812 598 883 ll,
622 817 673 871 22.
698 810 747 868 Me
768 816 800 868 ut
821 807 928 891 fugias,
951 829 969 869 o
991 831 1064 872 cro·

174 917 275 988 delia,
304 913 364 974 abis
392 917 568 991 cupatrio
590 909 842 992 (importunissima
863 911 993 971 Romano
1016 931 1063 972 co-

174 1014 291 1098 gitatio)
320 1022 350 1076 et
377 1023 434 1075 tam
462 1013 566 1095 longe,
601 1019 631 1071 ct
656 1030 746 1091 nsque
778 1012 816 1072 ad
847 1013 1064 1092 septemtriones

173 1118 311 1200 rigentes.
354 1116 418 1174 Non
452 1122 584 1175 aeternam
617 1114 700 1172 modo
726 1113 867 1190 Alpium
893 1114 975 1176 nives
1002 1135 1063 1175 eum

172 1220 293 1280 horrore
318 1218 429 1278 incolae
454 1215 632 1296 appellabant
646 1213 731 1274 mitis
757 1215 872 1290 ltaliaep
899 1216 950 1274 sad
973 1216 1063 1298 magis

174 1321 260 1381 etiam
286 1317 380 1401 frigus
406 1317 585 1378 continenter
614 1317 689 1376 oltra
715 1336 874 1396 augescens
896 1317 1007 1379 Galliae
1033 1324 1062 1376 et

174 1421 358 1508 Germaniae,
392 1438 507 1499 quarum
532 1419 685 1491 terminus,
711 1416 868 1492 Romae,
898 1419 951 1478 sub
978 1425 1061 1480 vento

172 1523 267 1582 Borea
292 1538 383 1598 propa
411 1519 544 1578 circulum
573 1520 714 1581 Arctioum
742 1542 770 1582 v.
796 1525 837 1583 65
864 1519 893 1579 in
920 1521 1062 1580 Oceanum

172 1643 273 1702 aquam
301 1620 460 1691 effundere,
491 1639 632 1699 supraque
652 1623 691 1682 'se
716 1628 830 1682 tannem
850 1641 945 1682 mcum
966 1629 1072 1684 terrac.

171 1723 332 1786 habitabilis
342 1721 446 1782 babere
458 1720 605 1783 videbatur
615 1721 669 1781 Lb.
680 1723 730 1795 ΙΙΙ,
753 1729 931 1787 ase-³8³·
952 1725 1061 1796 Hieme,

172 1828 305 1910 Hyginus
330 1825 422 1906 inquit
442 1824 534 1885 Post.
556 1835 639 1884 usar.
663 1833 697 1898 1,
719 1832 755 1898 8,
782 1844 866 1905 quum
888 1826 963 1905 apud
984 1826 1061 1906 ipsos

171 1949 235 2002 nes,
257 1929 311 1990 soli
332 1928 374 1987 ita
393 1925 511 1999 vicinos,
532 1924 645 1986 nimium
666 1925 768 2008 frigus
780 1927 831 2002 sit3
853 1933 988 2006 qnantum
1007 1928 1062 1988 erit

170 2031 289 2113 frigoris
309 2030 397 2089 multo
419 2028 557 2107 superius,
579 2028 637 2099 ubi,
658 2047 746 2107 prope
762 2028 895 2091 circulum
906 2029 1059 2102 Arcticun,

170 2134 291 2192 braccae
320 2131 357 2190 ad
383 2128 477 2211 frigus
504 2128 708 2189 defendendum
730 2127 867 2210 (Gallia
888 2130 1058 2213 braccata)

172 2233 284 2313 aliaque
303 2232 442 2294 velamina
463 2231 527 2290 usui
547 2237 626 2290 sunt.
667 2231 718 2290 Vel
738 2233 837 2293 Tamo
857 2233 940 2304 xlv,
962 2241 1003 2296 34
1025 2234 1060 2294 de

172 2337 273 2396 libane
295 2334 419 2414 loquitur
438 2333 536 2415 gelato
555 2351 661 2410 prope
680 2335 805 2411 polan.
827 2336 858 2394 ln
881 2335 1061 2414 campisistis

173 2436 350 2520 glacialibus,
372 2434 550 2516 specieadeo
563 2434 692 2512 Sibil-ica,
715 2434 813 2494 Gallus
823 2435 948 2508 timebat,
971 2437 1061 2498 amari

172 2559 224 2599 sno
251 2537 357 2610 fidelis,
389 2535 539 2614 Lyconidis
567 2556 605 2596 ne
629 2535 716 2615 pedes
742 2537 869 2596 tenelluli
889 2557 947 2598 non
968 2538 1062 2600 illaesi

170 2641 213 2699 ire
235 2641 366 2715 possent3
389 2636 559 2696 discalceata
579 2637 719 2715 qnoniam,
740 2637 881 2699 bominum
901 2659 981 2700 more
1003 2660 1060 2700 me·

169 2738 357 2812 ridianorum,
392 2737 499 2798 levibus
530 2737 680 2798 incedebat
704 2739 809 2800 soleis:
842 2741 895 2820 llp.
922 2741 1012 2819 lliytb.
1035 2743 1057 2814 l,
1110 2725 1115 2750 l

171 2850 221 2905 20.
250 2849 300 2904 21.
342 2841 420 2901 ldem
449 2840 485 2900 ob
515 2859 594 2900 mam
624 2840 743 2920 puellam
768 2841 920 2922 Propertio
947 2863 1061 2924 quoque

169 2945 192 3016 l,
215 2953 244 3017 8,
265 2951 286 3008 7
304 2945 363 3025 jam
383 2944 413 3004 in
433 2942 529 3023 lllyria
549 2961 636 3003 curae
657 2949 716 3003 esta

273 3061 313 3113 na
327 3062 431 3129 pedibas
446 3063 538 3114 tmesis
552 3048 650 3127 poetam
666 3060 755 3124 fnlctm
770 3057 899 3127 pastona?

372 3130 412 3182 lla
426 3136 496 3196 potes
511 3131 636 3194 losodlns,
655 3127 770 3194 mptum,
786 3129 854 3196 sem
869 3125 958 3182 moes?

122 3246 126 3255 “
255 3251 389 3314 50-54.
431 3249 505 3329 Age,
527 3249 650 3324 ommino
669 3249 797 3310 bucolico
820 3250 946 3311 dolore·
967 3270 1059 3311 meum

169 3353 282 3422 laniem,
304 3355 342 3420 et,
363 3347 526 3409 inArcadia
546 3369 704 3422 remanens,
725 3351 880 3413 solitudine
901 3373 959 3434 ego
981 3373 1058 3414 amo-
1187 3387 1188 3400 ι

169 3471 228 3512 rem
254 3467 345 3508 meum
373 3445 490 3509 levabo!
517 3479 558 3494 -
584 3449 688 3510 Amata
712 3471 764 3514 sua
784 3453 928 3534 privatus,
956 3455 1057 3514 &dns
