<?xml version="1.0" encoding="UTF-8"?>
<!DOCTYPE html PUBLIC "-//W3C//DTD XHTML 1.0 Transitional//EN"
    "http://www.w3.org/TR/xhtml1/DTD/xhtml1-transitional.dtd">
<html xmlns="http://www.w3.org/1999/xhtml" xml:lang="en" lang="en">
 <head>
  <title>
</title>
<meta http-equiv="Content-Type" content="text/html;charset=utf-8" />
  <meta name='ocr-system' content='tesseract 3.04.00' />
  <meta name='ocr-capabilities' content='ocr_page ocr_carea ocr_par ocr_line ocrx_word'/>
</head>
<body>
  <div class='ocr_page' id='page_1' title='image "./johannishenrici00reingoog/johannishenrici00reingoog_0349.png"; bbox 0 0 2446 3972; ppageno 0'>
   <div class='ocr_carea' id='block_1_1' title="bbox 226 239 1133 333">
    <p class='ocr_par' dir='ltr' id='par_1_1' title="bbox 226 239 1133 333">
     <span class='ocr_line' id='line_1_1' title="bbox 226 239 1133 333; baseline 0.013 -34"><span class='ocrx_word' id='word_1_1' title='bbox 226 239 380 302; x_wconf 76' lang='lat' dir='ltr'><strong>ECLOGA</strong></span> <span class='ocrx_word' id='word_1_2' title='bbox 395 241 468 301; x_wconf 81' lang='lat' dir='ltr'>vlu.</span> <span class='ocrx_word' id='word_1_3' title='bbox 484 241 716 300; x_wconf 77' lang='lat' dir='ltr'><strong>ARGUMENTI</strong></span> <span class='ocrx_word' id='word_1_4' title='bbox 727 241 938 333; x_wconf 69' lang='lat' dir='ltr'>maraculo.</span> <span class='ocrx_word' id='word_1_5' title='bbox 964 252 1029 312; x_wconf 74' lang='lat'>105</span> <span class='ocrx_word' id='word_1_6' title='bbox 1131 247 1133 252; x_wconf 72' lang='grc'><strong>’</strong></span> 
     </span>
    </p>
   </div>
   <div class='ocr_carea' id='block_1_2' title="bbox 138 409 1031 1304">
    <p class='ocr_par' dir='ltr' id='par_1_2' title="bbox 139 409 1030 1000">
     <span class='ocr_line' id='line_1_2' title="bbox 141 409 1030 491; baseline -0.001 -20"><span class='ocrx_word' id='word_1_7' title='bbox 141 409 258 482; x_wconf 86' lang='lat' dir='ltr'>amicus,</span> <span class='ocrx_word' id='word_1_8' title='bbox 280 413 366 472; x_wconf 82' lang='lat' dir='ltr'>otiam</span> <span class='ocrx_word' id='word_1_9' title='bbox 389 418 445 468; x_wconf 89' lang='lat' dir='ltr'>turn</span> <span class='ocrx_word' id='word_1_10' title='bbox 469 411 618 491; x_wconf 68' lang='lat' dir='ltr'>&#39;l&#39;ragicae</span> <span class='ocrx_word' id='word_1_11' title='bbox 640 411 741 468; x_wconf 85' lang='lat' dir='ltr'>Musae</span> <span class='ocrx_word' id='word_1_12' title='bbox 762 411 792 468; x_wconf 92' lang='lat' dir='ltr'>in</span> <span class='ocrx_word' id='word_1_13' title='bbox 814 431 910 469; x_wconf 88' lang='lat' dir='ltr'>amore</span> <span class='ocrx_word' id='word_1_14' title='bbox 931 417 961 470; x_wconf 82' lang='lat' dir='ltr'>et</span> <span class='ocrx_word' id='word_1_15' title='bbox 983 413 1030 470; x_wconf 91' lang='lat' dir='ltr'>de·</span> 
     </span>
     <span class='ocr_line' id='line_1_3' title="bbox 140 511 1029 592; baseline -0.001 -21"><span class='ocrx_word' id='word_1_16' title='bbox 140 512 214 572; x_wconf 86' lang='lat' dir='ltr'>liciis</span> <span class='ocrx_word' id='word_1_17' title='bbox 236 513 291 585; x_wconf 90' lang='grc' dir='ltr'>ΙΙΙ,</span> <span class='ocrx_word' id='word_1_18' title='bbox 314 522 365 585; x_wconf 86' lang='grc'>86,</span> <span class='ocrx_word' id='word_1_19' title='bbox 390 531 520 589; x_wconf 86' lang='lat' dir='ltr'>nonoque</span> <span class='ocrx_word' id='word_1_20' title='bbox 542 511 673 570; x_wconf 79' lang='lat' dir='ltr'>DCCXV</span> <span class='ocrx_word' id='word_1_21' title='bbox 693 511 892 570; x_wconf 76' lang='lat' dir='ltr'><strong>Parthinorum</strong></span> <span class='ocrx_word' id='word_1_22' title='bbox 913 511 943 568; x_wconf 89' lang='lat' dir='ltr'>in</span> <span class='ocrx_word' id='word_1_23' title='bbox 965 514 1029 592; x_wconf 83' lang='lat' dir='ltr'>llly-</span> 
     </span>
     <span class='ocr_line' id='line_1_4' title="bbox 141 613 1029 692; baseline 0 -20"><span class='ocrx_word' id='word_1_24' title='bbox 141 615 184 674; x_wconf 91' lang='lat' dir='ltr'>ria</span> <span class='ocrx_word' id='word_1_25' title='bbox 211 615 312 675; x_wconf 89' lang='lat' dir='ltr'>victor.</span> <span class='ocrx_word' id='word_1_26' title='bbox 356 614 418 672; x_wconf 87' lang='lat' dir='ltr'>Hoc</span> <span class='ocrx_word' id='word_1_27' title='bbox 439 620 564 674; x_wconf 87' lang='lat' dir='ltr'>veteram</span> <span class='ocrx_word' id='word_1_28' title='bbox 588 613 720 673; x_wconf 87' lang='lat' dir='ltr'>meliores</span> <span class='ocrx_word' id='word_1_29' title='bbox 741 614 844 692; x_wconf 88' lang='lat' dir='ltr'>quique</span> <span class='ocrx_word' id='word_1_30' title='bbox 866 614 939 691; x_wconf 85' lang='lat' dir='ltr'>apud</span> <span class='ocrx_word' id='word_1_31' title='bbox 963 615 1029 672; x_wconf 90' lang='lat' dir='ltr'>Ser·</span> 
     </span>
     <span class='ocr_line' id='line_1_5' title="bbox 140 715 1030 800; baseline -0.007 -22"><span class='ocrx_word' id='word_1_32' title='bbox 140 716 214 778; x_wconf 87' lang='lat' dir='ltr'>vium</span> <span class='ocrx_word' id='word_1_33' title='bbox 238 725 267 776; x_wconf 90' lang='lat' dir='ltr'>et</span> <span class='ocrx_word' id='word_1_34' title='bbox 290 715 499 796; x_wconf 78' lang='lat' dir='ltr'>Philargyrium</span> <span class='ocrx_word' id='word_1_35' title='bbox 522 737 548 774; x_wconf 89' lang='lat' dir='ltr'>v.</span> <span class='ocrx_word' id='word_1_36' title='bbox 575 721 912 800; x_wconf 66' lang='lat' dir='ltr'>concremauerunt,</span> <span class='ocrx_word' id='word_1_37' title='bbox 935 733 1030 792; x_wconf 84' lang='lat' dir='ltr'>quom-</span> 
     </span>
     <span class='ocr_line' id='line_1_6' title="bbox 139 815 1030 896; baseline -0.004 -18"><span class='ocrx_word' id='word_1_38' title='bbox 139 818 183 878; x_wconf 80' lang='lat' dir='ltr'>vis</span> <span class='ocrx_word' id='word_1_39' title='bbox 217 818 266 878; x_wconf 87' lang='lat' dir='ltr'>alii</span> <span class='ocrx_word' id='word_1_40' title='bbox 293 839 320 878; x_wconf 65' lang='lat' dir='ltr'>vr</span> <span class='ocrx_word' id='word_1_41' title='bbox 350 823 369 877; x_wconf 89' lang='lat'><strong>6</strong></span> <span class='ocrx_word' id='word_1_42' title='bbox 396 818 554 896; x_wconf 80' lang='lat' dir='ltr'>Augustum</span> <span class='ocrx_word' id='word_1_43' title='bbox 583 815 771 889; x_wconf 83' lang='lat' dir='ltr'>somniarent3</span> <span class='ocrx_word' id='word_1_44' title='bbox 803 818 858 876; x_wconf 86' lang='lat' dir='ltr'>hoo</span> <span class='ocrx_word' id='word_1_45' title='bbox 888 817 1030 894; x_wconf 77' lang='lat' dir='ltr'>dosephua</span> 
     </span>
     <span class='ocr_line' id='line_1_7' title="bbox 140 918 877 1000; baseline -0.001 -22"><span class='ocrx_word' id='word_1_46' title='bbox 140 919 289 1000; x_wconf 75' lang='lat' dir='ltr'><strong>Scaliger,</strong></span> <span class='ocrx_word' id='word_1_47' title='bbox 318 918 537 991; x_wconf 81' lang='lat' dir='ltr'>Taubmdnnus,</span> <span class='ocrx_word' id='word_1_48' title='bbox 568 919 697 990; x_wconf 90' lang='lat' dir='ltr'>Ruaeus,</span> <span class='ocrx_word' id='word_1_49' title='bbox 720 920 877 996; x_wconf 73' lang='lat' dir='ltr'>Martynus</span> 
     </span>
    </p>

    <p class='ocr_par' dir='ltr' id='par_1_3' title="bbox 138 1019 1031 1304">
     <span class='ocr_line' id='line_1_8' title="bbox 226 1019 1031 1098; baseline 0.001 -19"><span class='ocrx_word' id='word_1_50' title='bbox 226 1022 335 1079; x_wconf 83' lang='lat' dir='ltr'>Caesar·</span> <span class='ocrx_word' id='word_1_51' title='bbox 362 1021 435 1079; x_wconf 90' lang='lat' dir='ltr'>enim</span> <span class='ocrx_word' id='word_1_52' title='bbox 463 1020 635 1079; x_wconf 79' lang='lat' dir='ltr'>Octavianus</span> <span class='ocrx_word' id='word_1_53' title='bbox 657 1028 686 1077; x_wconf 91' lang='lat' dir='ltr'>et</span> <span class='ocrx_word' id='word_1_54' title='bbox 708 1021 746 1080; x_wconf 88' lang='grc' dir='ltr'>Μ.</span> <span class='ocrx_word' id='word_1_55' title='bbox 770 1019 926 1090; x_wconf 88' lang='lat' dir='ltr'>Antonius,</span> <span class='ocrx_word' id='word_1_56' title='bbox 960 1039 1031 1098; x_wconf 86' lang='lat' dir='ltr'>paco</span> 
     </span>
     <span class='ocr_line' id='line_1_9' title="bbox 138 1121 1029 1201; baseline -0.003 -19"><span class='ocrx_word' id='word_1_57' title='bbox 138 1121 314 1182; x_wconf 89' lang='lat' dir='ltr'>Brundisina</span> <span class='ocrx_word' id='word_1_58' title='bbox 341 1129 469 1180; x_wconf 84' lang='lat' dir='ltr'>extremo</span> <span class='ocrx_word' id='word_1_59' title='bbox 497 1141 574 1180; x_wconf 89' lang='lat' dir='ltr'>anno</span> <span class='ocrx_word' id='word_1_60' title='bbox 594 1121 738 1179; x_wconf 75' lang='lat' dir='ltr'>cccxiv</span> <span class='ocrx_word' id='word_1_61' title='bbox 761 1123 853 1179; x_wconf 90' lang='lat' dir='ltr'>denuo</span> <span class='ocrx_word' id='word_1_62' title='bbox 876 1121 1029 1201; x_wconf 86' lang='lat' dir='ltr'>conjuncti,</span> 
     </span>
     <span class='ocr_line' id='line_1_10' title="bbox 139 1222 1029 1304; baseline -0.001 -22"><span class='ocrx_word' id='word_1_63' title='bbox 139 1231 290 1304; x_wconf 77' lang='lat' dir='ltr'><strong>postquam</strong></span> <span class='ocrx_word' id='word_1_64' title='bbox 324 1222 453 1303; x_wconf 84' lang='lat' dir='ltr'>proximo</span> <span class='ocrx_word' id='word_1_65' title='bbox 490 1243 556 1283; x_wconf 82' lang='lat' dir='ltr'>vere</span> <span class='ocrx_word' id='word_1_66' title='bbox 590 1222 656 1281; x_wconf 89' lang='lat' dir='ltr'>anni</span> <span class='ocrx_word' id='word_1_67' title='bbox 687 1222 817 1280; x_wconf 74' lang='lat' dir='ltr'>DUCXV</span> <span class='ocrx_word' id='word_1_68' title='bbox 847 1241 907 1289; x_wconf 87' lang='lat' dir='ltr'>cum</span> <span class='ocrx_word' id='word_1_69' title='bbox 938 1225 1029 1281; x_wconf 86' lang='lat' dir='ltr'>Sexto</span> 
     </span>
    </p>
   </div>
   <div class='ocr_carea' id='block_1_3' title="bbox 139 1325 1143 1406">
    <p class='ocr_par' dir='ltr' id='par_1_4' title="bbox 139 1325 1143 1406">
     <span class='ocr_line' id='line_1_11' title="bbox 139 1325 1143 1406; baseline -0.001 -21"><span class='ocrx_word' id='word_1_70' title='bbox 139 1327 278 1406; x_wconf 83' lang='lat' dir='ltr'>Pompejo</span> <span class='ocrx_word' id='word_1_71' title='bbox 307 1327 464 1405; x_wconf 77' lang='lat' dir='ltr'><strong>pactionem</strong></span> <span class='ocrx_word' id='word_1_72' title='bbox 495 1325 683 1385; x_wconf 76' lang='lat' dir='ltr'>Misenensem</span> <span class='ocrx_word' id='word_1_73' title='bbox 715 1325 871 1396; x_wconf 81' lang='lat' dir='ltr'>iniverunt3</span> <span class='ocrx_word' id='word_1_74' title='bbox 904 1325 1030 1384; x_wconf 80' lang='lat' dir='ltr'>ultimum</span> <span class='ocrx_word' id='word_1_75' title='bbox 1137 1399 1143 1404; x_wconf 21' lang='grc' dir='ltr'>ι</span> 
     </span>
    </p>
   </div>
   <div class='ocr_carea' id='block_1_4' title="bbox 138 1411 1082 2518">
    <p class='ocr_par' dir='ltr' id='par_1_5' title="bbox 138 1411 1082 2518">
     <span class='ocr_line' id='line_1_12' title="bbox 138 1411 1030 1505; baseline -0.002 -17"><span class='ocrx_word' id='word_1_76' title='bbox 138 1427 257 1488; x_wconf 78' lang='lat' dir='ltr'>Asinius</span> <span class='ocrx_word' id='word_1_77' title='bbox 284 1411 377 1489; x_wconf 87' lang='lat' dir='ltr'>Pollio</span> <span class='ocrx_word' id='word_1_78' title='bbox 404 1427 432 1486; x_wconf 93' lang='lat' dir='ltr'>in</span> <span class='ocrx_word' id='word_1_79' title='bbox 455 1447 488 1486; x_wconf 89' lang='lat' dir='ltr'>se</span> <span class='ocrx_word' id='word_1_80' title='bbox 516 1426 623 1505; x_wconf 81' lang='lat' dir='ltr'>recepit</span> <span class='ocrx_word' id='word_1_81' title='bbox 650 1447 721 1505; x_wconf 84' lang='lat' dir='ltr'>opus</span> <span class='ocrx_word' id='word_1_82' title='bbox 752 1427 879 1486; x_wconf 81' lang='lat' dir='ltr'>bellicum</span> <span class='ocrx_word' id='word_1_83' title='bbox 902 1429 938 1486; x_wconf 89' lang='lat' dir='ltr'>ad</span> <span class='ocrx_word' id='word_1_84' title='bbox 960 1429 1030 1487; x_wconf 89' lang='lat' dir='ltr'>Par-</span> 
     </span>
     <span class='ocr_line' id='line_1_13' title="bbox 140 1529 1031 1610; baseline 0.001 -22"><span class='ocrx_word' id='word_1_85' title='bbox 140 1529 237 1588; x_wconf 76' lang='lat' dir='ltr'>tiriaus</span> <span class='ocrx_word' id='word_1_86' title='bbox 265 1531 325 1591; x_wconf 84' lang='lat' dir='ltr'>sive</span> <span class='ocrx_word' id='word_1_87' title='bbox 346 1531 507 1588; x_wconf 76' lang='lat' dir='ltr'>Parthenos</span> <span class='ocrx_word' id='word_1_88' title='bbox 530 1529 650 1588; x_wconf 87' lang='lat' dir='ltr'>rebelies</span> <span class='ocrx_word' id='word_1_89' title='bbox 672 1530 844 1600; x_wconf 80' lang='lat' dir='ltr'>domandos,</span> <span class='ocrx_word' id='word_1_90' title='bbox 872 1531 920 1608; x_wconf 89' lang='lat' dir='ltr'>qui</span> <span class='ocrx_word' id='word_1_91' title='bbox 942 1551 1031 1610; x_wconf 73' lang='lat' dir='ltr'>propu-</span> 
     </span>
     <span class='ocr_line' id='line_1_14' title="bbox 140 1608 1032 1711; baseline 0.002 -22"><span class='ocrx_word' id='word_1_92' title='bbox 140 1632 200 1702; x_wconf 78' lang='lat' dir='ltr'>l&#39;us,</span> <span class='ocrx_word' id='word_1_93' title='bbox 237 1633 327 1691; x_wconf 89' lang='lat' dir='ltr'>Bruto</span> <span class='ocrx_word' id='word_1_94' title='bbox 364 1631 470 1711; x_wconf 85' lang='lat' dir='ltr'>pridem</span> <span class='ocrx_word' id='word_1_95' title='bbox 502 1630 630 1702; x_wconf 85' lang='lat' dir='ltr'>deditus,</span> <span class='ocrx_word' id='word_1_96' title='bbox 664 1631 798 1690; x_wconf 74' lang='lat' dir='ltr'>Caesaris</span> <span class='ocrx_word' id='word_1_97' title='bbox 828 1631 856 1689; x_wconf 92' lang='lat' dir='ltr'>ia</span> <span class='ocrx_word' id='word_1_98' title='bbox 886 1608 1032 1710; x_wconf 76' lang='lat' dir='ltr'>provindia</span> 
     </span>
     <span class='ocr_line' id='line_1_15' title="bbox 138 1731 1032 1810; baseline 0.003 -20"><span class='ocrx_word' id='word_1_99' title='bbox 138 1731 283 1790; x_wconf 86' lang='lat' dir='ltr'>Dalmatia</span> <span class='ocrx_word' id='word_1_100' title='bbox 314 1740 386 1792; x_wconf 88' lang='lat' dir='ltr'>erat.</span> <span class='ocrx_word' id='word_1_101' title='bbox 430 1735 461 1790; x_wconf 89' lang='lat' dir='ltr'>ln</span> <span class='ocrx_word' id='word_1_102' title='bbox 493 1734 565 1790; x_wconf 85' lang='lat' dir='ltr'>hanc</span> <span class='ocrx_word' id='word_1_103' title='bbox 593 1732 811 1808; x_wconf 75' lang='lat' dir='ltr'>expeditionem,</span> <span class='ocrx_word' id='word_1_104' title='bbox 833 1753 885 1810; x_wconf 86' lang='lat' dir='ltr'>pro</span> <span class='ocrx_word' id='word_1_105' title='bbox 907 1735 1032 1794; x_wconf 75' lang='lat' dir='ltr'>Caesare</span> 
     </span>
     <span class='ocr_line' id='line_1_16' title="bbox 139 1829 1030 1912; baseline 0.002 -20"><span class='ocrx_word' id='word_1_106' title='bbox 139 1852 205 1892; x_wconf 90' lang='lat' dir='ltr'>cum</span> <span class='ocrx_word' id='word_1_107' title='bbox 227 1834 332 1912; x_wconf 83' lang='lat' dir='ltr'>copiis,</span> <span class='ocrx_word' id='word_1_108' title='bbox 353 1833 396 1890; x_wconf 90' lang='lat' dir='ltr'>uti</span> <span class='ocrx_word' id='word_1_109' title='bbox 419 1840 570 1911; x_wconf 82' lang='lat' dir='ltr'>parerat,</span> <span class='ocrx_word' id='word_1_110' title='bbox 593 1829 776 1890; x_wconf 79' lang='lat' dir='ltr'>Caesarianis</span> <span class='ocrx_word' id='word_1_111' title='bbox 798 1841 973 1911; x_wconf 87' lang='lat' dir='ltr'>susceptam,</span> <span class='ocrx_word' id='word_1_112' title='bbox 995 1837 1030 1894; x_wconf 86' lang='lat' dir='ltr'>ab</span> 
     </span>
     <span class='ocr_line' id='line_1_17' title="bbox 139 1918 1032 2012; baseline 0.001 -19"><span class='ocrx_word' id='word_1_113' title='bbox 139 1934 268 2002; x_wconf 82' lang='lat' dir='ltr'>Antonio</span> <span class='ocrx_word' id='word_1_114' title='bbox 295 1953 408 2011; x_wconf 83' lang='lat' dir='ltr'>qunque</span> <span class='ocrx_word' id='word_1_115' title='bbox 435 1932 569 1990; x_wconf 88' lang='lat' dir='ltr'>destinati</span> <span class='ocrx_word' id='word_1_116' title='bbox 591 1933 727 1992; x_wconf 85' lang='lat' dir='ltr'>adversu&#39;s</span> <span class='ocrx_word' id='word_1_117' title='bbox 748 1933 872 1990; x_wconf 87' lang='lat' dir='ltr'>Parthos</span> <span class='ocrx_word' id='word_1_118' title='bbox 894 1918 959 2012; x_wconf 87' lang='lat' dir='ltr'>pdrs</span> <span class='ocrx_word' id='word_1_119' title='bbox 981 1933 1032 1994; x_wconf 65' lang='lat' dir='ltr'>ei·</span> 
     </span>
     <span class='ocr_line' id='line_1_18' title="bbox 139 2013 1031 2114; baseline 0.001 -20"><span class='ocrx_word' id='word_1_120' title='bbox 139 2034 262 2106; x_wconf 85' lang='lat' dir='ltr'>orcitus,</span> <span class='ocrx_word' id='word_1_121' title='bbox 285 2036 332 2114; x_wconf 87' lang='lat' dir='ltr'>qui</span> <span class='ocrx_word' id='word_1_122' title='bbox 355 2035 382 2092; x_wconf 92' lang='lat' dir='ltr'>in</span> <span class='ocrx_word' id='word_1_123' title='bbox 407 2035 529 2094; x_wconf 82' lang='lat' dir='ltr'>Graecia</span> <span class='ocrx_word' id='word_1_124' title='bbox 549 2034 722 2093; x_wconf 87' lang='lat' dir='ltr'>hiematurus</span> <span class='ocrx_word' id='word_1_125' title='bbox 744 2041 820 2107; x_wconf 86' lang='lat' dir='ltr'>erat,</span> <span class='ocrx_word' id='word_1_126' title='bbox 843 2035 956 2094; x_wconf 87' lang='lat' dir='ltr'>additus</span> <span class='ocrx_word' id='word_1_127' title='bbox 978 2013 1031 2110; x_wconf 81' lang='lat' dir='ltr'>est,</span> 
     </span>
     <span class='ocr_line' id='line_1_19' title="bbox 139 2135 1032 2217; baseline 0.004 -23"><span class='ocrx_word' id='word_1_128' title='bbox 139 2136 243 2216; x_wconf 84' lang='lat' dir='ltr'>partim</span> <span class='ocrx_word' id='word_1_129' title='bbox 271 2138 307 2196; x_wconf 89' lang='lat' dir='ltr'>ad</span> <span class='ocrx_word' id='word_1_130' title='bbox 335 2137 512 2197; x_wconf 83' lang='lat' dir='ltr'>exercendos</span> <span class='ocrx_word' id='word_1_131' title='bbox 538 2138 700 2217; x_wconf 84' lang='lat' dir='ltr'>praedaque</span> <span class='ocrx_word' id='word_1_132' title='bbox 726 2135 938 2197; x_wconf 85' lang='lat' dir='ltr'>inflammandos</span> <span class='ocrx_word' id='word_1_133' title='bbox 961 2139 1032 2198; x_wconf 86' lang='lat' dir='ltr'>mili-</span> 
     </span>
     <span class='ocr_line' id='line_1_20' title="bbox 140 2239 1030 2318; baseline 0.001 -20"><span class='ocrx_word' id='word_1_134' title='bbox 140 2245 204 2310; x_wconf 84' lang='lat' dir='ltr'>tes,</span> <span class='ocrx_word' id='word_1_135' title='bbox 236 2239 338 2317; x_wconf 88' lang='lat' dir='ltr'>partim</span> <span class='ocrx_word' id='word_1_136' title='bbox 365 2241 402 2298; x_wconf 87' lang='lat' dir='ltr'>a&#39;d</span> <span class='ocrx_word' id='word_1_137' title='bbox 429 2239 547 2296; x_wconf 83' lang='lat' dir='ltr'>Caesari</span> <span class='ocrx_word' id='word_1_138' title='bbox 574 2239 730 2297; x_wconf 88' lang='lat' dir='ltr'>habendam</span> <span class='ocrx_word' id='word_1_139' title='bbox 753 2239 896 2318; x_wconf 69' lang='lat' dir='ltr'>gratiam</span> <span class='ocrx_word' id='word_1_140' title='bbox 926 2261 963 2298; x_wconf 81' lang='lat' dir='ltr'>ex</span> <span class='ocrx_word' id='word_1_141' title='bbox 986 2242 1030 2313; x_wconf 83' lang='lat' dir='ltr'>iis,</span> 
     </span>
     <span class='ocr_line' id='line_1_21' title="bbox 140 2337 1082 2420; baseline 0.001 -23"><span class='ocrx_word' id='word_1_142' title='bbox 140 2359 215 2418; x_wconf 86' lang='lat' dir='ltr'>quae</span> <span class='ocrx_word' id='word_1_143' title='bbox 241 2339 383 2398; x_wconf 74' lang='lat' dir='ltr'>Pollionis</span> <span class='ocrx_word' id='word_1_144' title='bbox 405 2340 511 2409; x_wconf 80' lang='lat' dir='ltr'>adhuc,</span> <span class='ocrx_word' id='word_1_145' title='bbox 539 2337 690 2398; x_wconf 81' lang='lat' dir='ltr'>verisimile</span> <span class='ocrx_word' id='word_1_146' title='bbox 712 2345 770 2411; x_wconf 87' lang='lat' dir='ltr'>est,</span> <span class='ocrx_word' id='word_1_147' title='bbox 803 2337 918 2396; x_wconf 87' lang='lat' dir='ltr'>fuerant</span> <span class='ocrx_word' id='word_1_148' title='bbox 938 2341 1032 2420; x_wconf 80' lang='lat' dir='ltr'>legin·</span> <span class='ocrx_word' id='word_1_149' title='bbox 1078 2409 1082 2414; x_wconf 19' lang='grc'>1</span> 
     </span>
     <span class='ocr_line' id='line_1_22' title="bbox 143 2439 1040 2518; baseline 0.001 -18"><span class='ocrx_word' id='word_1_150' title='bbox 143 2460 205 2500; x_wconf 88' lang='lat' dir='ltr'>nes.</span> <span class='ocrx_word' id='word_1_151' title='bbox 250 2441 349 2498; x_wconf 84' lang='lat' dir='ltr'>Victor</span> <span class='ocrx_word' id='word_1_152' title='bbox 379 2459 453 2498; x_wconf 90' lang='lat' dir='ltr'>nunc</span> <span class='ocrx_word' id='word_1_153' title='bbox 485 2439 655 2498; x_wconf 83' lang='lat' dir='ltr'>auctumaali</span> <span class='ocrx_word' id='word_1_154' title='bbox 686 2447 813 2518; x_wconf 86' lang='lat' dir='ltr'>ternpore</span> <span class='ocrx_word' id='word_1_155' title='bbox 835 2441 928 2500; x_wconf 79' lang='lat' dir='ltr'>Pollio</span> <span class='ocrx_word' id='word_1_156' title='bbox 950 2443 1040 2501; x_wconf 69' lang='lat' dir='ltr'>auxi-⁴</span> 
     </span>
    </p>
   </div>
   <div class='ocr_carea' id='block_1_5' title="bbox 41 2541 1031 2621">
    <p class='ocr_par' dir='ltr' id='par_1_6' title="bbox 41 2541 1031 2621">
     <span class='ocr_line' id='line_1_23' title="bbox 41 2541 1031 2621; baseline 0.004 -21"><span class='ocrx_word' id='word_1_157' title='bbox 41 2567 44 2572; x_wconf 95' lang='lat'>·</span> <span class='ocrx_word' id='word_1_158' title='bbox 139 2541 228 2600; x_wconf 88' lang='lat' dir='ltr'>liares</span> <span class='ocrx_word' id='word_1_159' title='bbox 250 2541 366 2599; x_wconf 79' lang='lat' dir='ltr'>Antonii</span> <span class='ocrx_word' id='word_1_160' title='bbox 388 2542 485 2621; x_wconf 86' lang='lat' dir='ltr'>copias</span> <span class='ocrx_word' id='word_1_161' title='bbox 507 2542 534 2600; x_wconf 91' lang='lat' dir='ltr'>in</span> <span class='ocrx_word' id='word_1_162' title='bbox 558 2541 675 2600; x_wconf 78' lang='lat' dir='ltr'>hiberna</span> <span class='ocrx_word' id='word_1_163' title='bbox 698 2541 825 2615; x_wconf 87' lang='lat' dir='ltr'>dimittit,</span> <span class='ocrx_word' id='word_1_164' title='bbox 854 2551 897 2614; x_wconf 88' lang='lat' dir='ltr'>et,</span> <span class='ocrx_word' id='word_1_165' title='bbox 925 2546 1031 2605; x_wconf 84' lang='lat' dir='ltr'>Caesa·</span> 
     </span>
    </p>
   </div>
   <div class='ocr_carea' id='block_1_6' title="bbox 93 2641 1033 3534">
    <p class='ocr_par' dir='ltr' id='par_1_7' title="bbox 93 2641 1033 3534">
     <span class='ocr_line' id='line_1_24' title="bbox 142 2641 1033 2714; baseline 0.008 -14"><span class='ocrx_word' id='word_1_166' title='bbox 142 2641 233 2700; x_wconf 88' lang='lat' dir='ltr'>rianis</span> <span class='ocrx_word' id='word_1_167' title='bbox 261 2643 402 2701; x_wconf 79' lang='lat' dir='ltr'>nonnuliis</span> <span class='ocrx_word' id='word_1_168' title='bbox 430 2644 643 2714; x_wconf 77' lang='lat' dir='ltr'>connitentibus,</span> <span class='ocrx_word' id='word_1_169' title='bbox 678 2644 742 2704; x_wconf 89' lang='lat' dir='ltr'>navi</span> <span class='ocrx_word' id='word_1_170' title='bbox 770 2644 796 2702; x_wconf 92' lang='lat' dir='ltr'>in</span> <span class='ocrx_word' id='word_1_171' title='bbox 821 2646 964 2705; x_wconf 80' lang='lat' dir='ltr'>Venetiam</span> <span class='ocrx_word' id='word_1_172' title='bbox 987 2669 1033 2708; x_wconf 92' lang='lat' dir='ltr'>re·</span> 
     </span>
     <span class='ocr_line' id='line_1_25' title="bbox 93 2745 1031 2825; baseline 0.006 -23"><span class='ocrx_word' id='word_1_173' title='bbox 93 2746 100 2752; x_wconf 75' lang='grc'><em>’</em></span> <span class='ocrx_word' id='word_1_174' title='bbox 141 2745 193 2816; x_wconf 89' lang='lat' dir='ltr'>dit,</span> <span class='ocrx_word' id='word_1_175' title='bbox 216 2765 271 2823; x_wconf 89' lang='lat' dir='ltr'>qun</span> <span class='ocrx_word' id='word_1_176' title='bbox 294 2746 320 2802; x_wconf 93' lang='lat' dir='ltr'>in</span> <span class='ocrx_word' id='word_1_177' title='bbox 344 2747 498 2824; x_wconf 88' lang='lat' dir='ltr'>provincia,</span> <span class='ocrx_word' id='word_1_178' title='bbox 520 2767 572 2825; x_wconf 85' lang='lat' dir='ltr'>pro</span> <span class='ocrx_word' id='word_1_179' title='bbox 588 2747 720 2820; x_wconf 21' lang='lat' dir='ltr'>*Antonio</span> <span class='ocrx_word' id='word_1_180' title='bbox 743 2754 810 2804; x_wconf 89' lang='lat' dir='ltr'>ante</span> <span class='ocrx_word' id='word_1_181' title='bbox 826 2748 1031 2822; x_wconf 86' lang='lat' dir='ltr'>administrata,</span> 
     </span>
     <span class='ocr_line' id='line_1_26' title="bbox 140 2847 1032 2926; baseline 0.006 -22"><span class='ocrx_word' id='word_1_182' title='bbox 140 2867 193 2926; x_wconf 88' lang='lat' dir='ltr'>pro</span> <span class='ocrx_word' id='word_1_183' title='bbox 217 2848 358 2914; x_wconf 85' lang='lat' dir='ltr'>Caesare,</span> <span class='ocrx_word' id='word_1_184' title='bbox 389 2848 436 2923; x_wconf 86' lang='lat' dir='ltr'>qui</span> <span class='ocrx_word' id='word_1_185' title='bbox 459 2869 533 2906; x_wconf 89' lang='lat' dir='ltr'>nunc</span> <span class='ocrx_word' id='word_1_186' title='bbox 555 2854 617 2905; x_wconf 89' lang='lat' dir='ltr'>erat</span> <span class='ocrx_word' id='word_1_187' title='bbox 639 2847 780 2920; x_wconf 77' lang='lat' dir='ltr'>dominns,</span> <span class='ocrx_word' id='word_1_188' title='bbox 804 2850 885 2925; x_wconf 82' lang='lat' dir='ltr'>plura</span> <span class='ocrx_word' id='word_1_189' title='bbox 907 2849 1032 2911; x_wconf 82' lang='lat' dir='ltr'>fortasse</span> 
     </span>
     <span class='ocr_line' id='line_1_27' title="bbox 141 2948 1032 3026; baseline 0.006 -20"><span class='ocrx_word' id='word_1_190' title='bbox 141 2949 226 3007; x_wconf 89' lang='lat' dir='ltr'>etiam</span> <span class='ocrx_word' id='word_1_191' title='bbox 250 2955 307 3005; x_wconf 89' lang='lat' dir='ltr'>tum</span> <span class='ocrx_word' id='word_1_192' title='bbox 331 2948 448 3026; x_wconf 79' lang='lat' dir='ltr'>negotia</span> <span class='ocrx_word' id='word_1_193' title='bbox 471 2949 628 3006; x_wconf 87' lang='lat' dir='ltr'>ordinanda</span> <span class='ocrx_word' id='word_1_194' title='bbox 650 2948 761 3017; x_wconf 82' lang='lat' dir='ltr'>habuit3</span> <span class='ocrx_word' id='word_1_195' title='bbox 788 2967 896 3025; x_wconf 83' lang='lat' dir='ltr'>suoque</span> <span class='ocrx_word' id='word_1_196' title='bbox 919 2951 1032 3011; x_wconf 87' lang='lat' dir='ltr'>Raven-</span> 
     </span>
     <span class='ocr_line' id='line_1_28' title="bbox 143 3047 1031 3125; baseline 0.009 -19"><span class='ocrx_word' id='word_1_197' title='bbox 143 3069 198 3108; x_wconf 88' lang='lat' dir='ltr'>nae</span> <span class='ocrx_word' id='word_1_198' title='bbox 224 3057 293 3108; x_wconf 89' lang='lat' dir='ltr'>uato</span> <span class='ocrx_word' id='word_1_199' title='bbox 320 3047 395 3118; x_wconf 79' lang='lat' dir='ltr'>filio,</span> <span class='ocrx_word' id='word_1_200' title='bbox 422 3049 522 3105; x_wconf 87' lang='lat' dir='ltr'>Asinio</span> <span class='ocrx_word' id='word_1_201' title='bbox 551 3049 655 3116; x_wconf 67' lang='lat' dir='ltr'>Gaudio,</span> <span class='ocrx_word' id='word_1_202' title='bbox 683 3055 805 3125; x_wconf 82' lang='lat' dir='ltr'>acepta</span> <span class='ocrx_word' id='word_1_203' title='bbox 826 3050 896 3108; x_wconf 88' lang='lat' dir='ltr'>urbe</span> <span class='ocrx_word' id='word_1_204' title='bbox 918 3053 1031 3114; x_wconf 83' lang='lat' dir='ltr'>Salonis</span> 
     </span>
     <span class='ocr_line' id='line_1_29' title="bbox 141 3147 1030 3237; baseline 0.01 -30"><span class='ocrx_word' id='word_1_205' title='bbox 141 3151 273 3208; x_wconf 85' lang='lat' dir='ltr'>Salonini</span> <span class='ocrx_word' id='word_1_206' title='bbox 301 3169 461 3230; x_wconf 85' lang='lat' dir='ltr'>cognomen</span> <span class='ocrx_word' id='word_1_207' title='bbox 488 3170 526 3208; x_wconf 85' lang='lat' dir='ltr'>ex</span> <span class='ocrx_word' id='word_1_208' title='bbox 553 3148 694 3208; x_wconf 84' lang='lat' dir='ltr'>Dalmatia</span> <span class='ocrx_word' id='word_1_209' title='bbox 722 3147 812 3207; x_wconf 77' lang='lat' dir='ltr'>refert</span> <span class='ocrx_word' id='word_1_210' title='bbox 840 3149 876 3210; x_wconf 83' lang='lat' dir='ltr'>cf.</span> <span class='ocrx_word' id='word_1_211' title='bbox 898 3155 938 3211; x_wconf 82' lang='lat' dir='ltr'><em>W</em></span> <span class='ocrx_word' id='word_1_212' title='bbox 958 3157 1030 3237; x_wconf 79' lang='lat' dir='ltr'>Arg.</span> 
     </span>
     <span class='ocr_line' id='line_1_30' title="bbox 140 3250 1030 3329; baseline 0.003 -18"><span class='ocrx_word' id='word_1_213' title='bbox 140 3251 193 3311; x_wconf 73' lang='lat' dir='ltr'>sub</span> <span class='ocrx_word' id='word_1_214' title='bbox 215 3251 285 3325; x_wconf 83' lang='lat' dir='ltr'>fin.;</span> <span class='ocrx_word' id='word_1_215' title='bbox 318 3259 348 3311; x_wconf 88' lang='lat' dir='ltr'>et</span> <span class='ocrx_word' id='word_1_216' title='bbox 375 3252 492 3310; x_wconf 89' lang='lat' dir='ltr'>Romam</span> <span class='ocrx_word' id='word_1_217' title='bbox 521 3250 599 3311; x_wconf 85' lang='lat' dir='ltr'>brevi</span> <span class='ocrx_word' id='word_1_218' title='bbox 626 3256 691 3329; x_wconf 86' lang='lat' dir='ltr'>post</span> <span class='ocrx_word' id='word_1_219' title='bbox 712 3251 747 3309; x_wconf 87' lang='lat' dir='ltr'>ad</span> <span class='ocrx_word' id='word_1_220' title='bbox 770 3252 912 3312; x_wconf 86' lang='lat' dir='ltr'>decretum</span> <span class='ocrx_word' id='word_1_221' title='bbox 934 3257 1030 3314; x_wconf 90' lang='lat' dir='ltr'>trium-</span> 
     </span>
     <span class='ocr_line' id='line_1_31' title="bbox 139 3330 1031 3432; baseline 0.009 -22"><span class='ocrx_word' id='word_1_222' title='bbox 139 3353 225 3431; x_wconf 79' lang='lat' dir='ltr'>pirum</span> <span class='ocrx_word' id='word_1_223' title='bbox 262 3352 467 3432; x_wconf 81' lang='lat' dir='ltr'>proficiscitur,</span> <span class='ocrx_word' id='word_1_224' title='bbox 518 3330 599 3430; x_wconf 76' lang='lat' dir='ltr'>quern</span> <span class='ocrx_word' id='word_1_225' title='bbox 629 3360 757 3412; x_wconf 82' lang='lat' dir='ltr'>extremo</span> <span class='ocrx_word' id='word_1_226' title='bbox 789 3375 884 3415; x_wconf 88' lang='lat' dir='ltr'>mense</span> <span class='ocrx_word' id='word_1_227' title='bbox 915 3359 1031 3418; x_wconf 79' lang='lat' dir='ltr'>Octobri</span> 
     </span>
     <span class='ocr_line' id='line_1_32' title="bbox 140 3453 214 3534; baseline 0.027 -22"><span class='ocrx_word' id='word_1_228' title='bbox 140 3453 214 3534; x_wconf 80' lang='lat' dir='ltr'>egit.</span> 
     </span>
    </p>
   </div>
   <div class='ocr_carea' id='block_1_7' title="bbox 0 0 1228 3972">
    <p class='ocr_par' dir='ltr' id='par_1_8' title="bbox 0 0 1228 3972">
     <span class='ocr_line' id='line_1_33' title="bbox 0 0 1228 3972; baseline 0 0"><span class='ocrx_word' id='word_1_229' title='bbox 0 0 1228 3972; x_wconf 95' lang='lat' dir='ltr'> </span> 
     </span>
    </p>
   </div>
  </div>
 </body>
</html>
