2446 3972
170 285 234 348 rra
404 263 560 326 aenaea
582 259 656 330 uu,
680 259 817 317 ra-ar.
924 231 926 236 '

236 437 340 491 Fiatata
356 447 436 486 auare
451 433 538 492 tonat,
556 424 676 478 modulor
692 418 795 489 quoties
813 431 863 482 ega
881 421 999 480 maman,

238 519 336 584 Tibia,
352 517 409 572 sire
426 513 489 568 infla
506 517 604 565 rectam
622 525 668 562 aen
686 517 808 568 enarrant,
827 505 854 552 et
869 499 985 552 aranda

171 648 293 706 Praeter
325 637 449 698 fistulam
481 634 576 693 tibiam
610 646 723 708 quoqne
756 625 782 683 is
817 621 899 683 navit
933 613 1068 700 (αὐλός),

143 745 338 826 §arundinem
371 731 517 819 (δῶναξ),
550 733 635 792 etiam
665 745 778 788 rnrvara
808 723 925 804 majoris
954 721 1070 782 artilioii

171 847 270 906 tibiam
293 835 524 922 (πλαγίαυλος),
547 843 636 896 toran
659 843 746 890 curvo
768 827 973 897 continuatam,
996 839 1069 904 quae

82 935 88 944 Ι
172 950 200 1008 in
229 949 318 1006 saorla
341 943 438 1003 matris
459 937 606 1020 Phrygiae
627 932 787 992 inflabatur.
831 929 863 986 ln
886 935 971 986 sexta
994 929 1069 1006 ejna-

173 1049 235 1108 deur
257 1047 354 1125 idyllia
376 1041 514 1124 principia
536 1033 764 1098 contendentium
787 1031 861 1090 alter
881 1028 967 1099 tibia,
994 1029 1069 1087 alter

172 1149 270 1208 fistula
296 1147 382 1208 eadit.
425 1145 548 1224 Longus
577 1155 689 1218 qnoque
711 1134 721 1191 l
745 1153 772 1212 p.
795 1139 814 1192 6
837 1131 866 1190 ἰιι
889 1130 997 1189 Lesbia
1020 1151 1070 1188 aa·

174 1259 220 1310 tro
248 1239 437 1328 Nympharum
465 1246 550 1305 tibias
577 1233 775 1299 animadvertit
803 1240 833 1292 et
861 1232 946 1291 tibiae
968 1245 1071 1292 curvas

124 1335 132 1350 ,
175 1360 205 1412 et
247 1349 358 1410 fistulas
395 1355 425 1408 et
462 1343 615 1408 arundines
656 1333 834 1418 (adiuuant),
873 1355 891 1393 a
926 1334 1071 1395 veteribus

174 1453 337 1532 pastoribus
368 1451 486 1508 dicatas.
530 1447 573 1504 Ab
596 1442 678 1502 initio
701 1439 788 1498 tibiae
810 1435 950 1516 simplices
972 1435 1071 1516 paneis

175 1552 360 1632 foraminibus
391 1549 498 1608 fiebant
527 1565 563 1604 ex
592 1539 780 1603 Orchomenia
805 1539 961 1611 arundine,
998 1557 1071 1616 qnae

175 1654 242 1713 inde
264 1647 411 1732 αὐλητικὴ
435 1651 495 1711 aive
517 1649 553 1707 ad
574 1645 659 1704 tibiae
681 1643 785 1702 idonea
804 1641 1008 1720 appellabatur,
1030 1647 1071 1712 et,

175 1755 379 1835 Theophrasto
400 1743 551 1830 l’linioque
572 1743 787 1824 auctoribus*)‚
810 1743 839 1800 ia
861 1744 924 1802 laen
943 1742 1071 1820 Copaide

175 1863 207 1918 'et
234 1857 371 1936 Cephison
392 1855 531 1924 intrante,
563 1847 749 1908 innodatione
776 1843 895 1923 pluriora
922 1859 1071 1926 annorunr,

175 1961 214 2020 ad
235 1959 374 2019 insuetam
394 1954 605 2035 anlplitndinem
629 1957 804 2017 aethnaeae,
829 1945 984 2026 diiigenter
1003 1963 1069 2005 oae-

177 2061 297 2120 doh'atur
326 2069 356 2119 et
377 2057 576 2138 apparabatur.
620 2049 765 2131 Ejusmodi
786 2047 944 2106 arundinea
966 2037 1071 2106 nulline

175 2161 291 2220 artilicii
317 2162 387 2220 haee
416 2165 479 2218 erut
506 2156 574 2215 tibia
601 2173 628 2214 v.
658 2158 713 2223 Μ,
748 2167 829 2228 quara
857 2153 956 2226 pastor
986 2147 1071 2206 Pindi

176 2263 282 2323 mantia
310 2261 401 2322 facili,
415 2259 534 2342 negotio
563 2272 600 2316 ex
628 2251 756 2312 liuentia·
777 2247 895 2308 finitima
917 2249 1071 2329 inpetrare

175 2371 321 2446 patuerat.
756 2351 768 2363 ’

264 2474 302 2526 22
317 2499 357 2510 -
373 2471 423 2524 24,
469 2463 575 2520 Versus
597 2477 648 2518 eur
668 2455 846 2515 Maenaliaat
874 2453 1019 2519 Quoniam
1039 2454 1068 2512 ia

176 2566 309 2626 blaeaalo
335 2571 433 2623 monte
460 2561 564 2622 eximio
592 2566 677 2619 cantu
705 2565 735 2616 et
759 2563 905 2636 pastorum
927 2561 1069 2614 amantum

178 2673 208 2726 et
237 2665 326 2745 ipsius
351 2663 456 2735 Panis,
494 2662 542 2742 qui
569 2661 674 2740 primus
702 2677 740 2718 ex
770 2655 885 2717 calamis
912 2635 1069 2718 maeatae
1124 2639 1135 2647 ’

169 2768 327 2840 eliciebat,
360 2766 449 2827 silvae
476 2781 586 2844 semper
614 2766 781 2822 consonant.
805 2791 845 2808 -·
868 2757 1069 2817 Consideratio

176 2873 255 2944 haee,
278 2889 376 2950 param
397 2867 426 2928 in
450 2886 501 2926 ore
522 2885 591 2928 vere
614 2863 792 2943 desperantis
814 2859 986 2932 verisimilis,
1010 2879 1068 2919 non

94 2995 99 3002 ·
177 2973 286 3045 minua,
318 2992 399 3052 quarn
421 2969 496 3028 modi
518 2967 566 3027 isti
589 2967 775 3025 intercalares
798 2969 915 3042 lotaque
937 2962 1069 3022 carmini·

176 3073 379 3146 conformatio,
408 3070 527 3132 artificis
554 3067 705 3128 imitatoria
726 3072 781 3125 est.
825 3064 996 3142 Argutae·
1019 3083 1068 3122 ne·

176 3195 237 3234 raas
259 3181 288 3235 et
310 3175 392 3252 pinus
415 3176 585 3251 loquenten
613 3169 725 3228 minime
747 3167 791 3226 hia
813 3167 848 3226 de
869 3166 947 3227 ronti
970 3185 1068 3224 susar-

150 3277 234 3374 ¹riu3
262 3277 327 3346 red,
360 3275 435 3353 quod
463 3271 573 3334 vicinae
601 3269 762 3330 sententiae
787 3267 951 3347 requirunt,
983 3272 1069 3327 cantu

178 3426 378 3436 —-—-—-—a---·-·

244 3489 270 3543 a
308 3487 439 3554 arnapa.
458 3487 482 3538 a.
503 3489 537 3553 pr.
556 3471 607 3546 rv',
627 3485 667 3537 u.
688 3485 754 3536 aaa.
776 3485 850 3549 xvr,
868 3485 911 3538 aa.
