2446 3972
185 243 253 307 144
426 229 581 290 nonoan
603 229 678 302 viu,
697 236 835 298 leo-aa.

183 399 356 465 maecutriae
381 417 467 460 nuum
495 419 533 460 ex
560 375 627 460 cera
653 397 831 458 simulacrum
859 396 931 458 satis
958 404 1019 475 eit,
1054 400 1083 460 in

183 524 239 584 qun
260 506 405 562 armenta
423 503 522 562 laurea
544 501 616 561 urit:

285 617 438 670 Auxiliante
455 618 505 698 deo
523 617 590 671 siout
607 615 669 668 mihi
687 632 748 669 cera
763 613 894 684 liquescit,

148 759 157 766 ,
284 701 408 768 Myndius
424 701 468 755 hio
484 701 521 756 ita
537 718 628 756 amans
644 700 753 772 Delphis
770 701 857 754 subito
873 700 1001 769 liquefiat.

184 809 305 869 Canidia
326 826 438 886 quoque
459 807 488 865 in
510 805 624 865 Horatii
645 825 805 865 sermonum
827 805 857 877 l,
886 813 905 866 8
927 807 1081 868 volaticum

184 931 265 971 unum
290 927 375 970 cerea
401 915 509 968 tontum
537 908 661 989 imagine
689 913 817 980 coitraet3
843 907 936 966 Didus
957 928 1080 988 quoque,

114 1031 116 1036 '
183 1014 244 1077 veri
270 1011 362 1072 simile
384 1017 443 1083 cst,
471 1011 605 1071 suecrius
627 1011 698 1070 Aeo.
721 1010 774 1081 lv,
808 1015 880 1072 508.
924 1011 1080 1088 Aliquanto

183 1114 324 1175 crudelius
345 1113 447 1172 Medea
468 1110 557 1172 sentit
577 1113 652 1192 apud
673 1110 801 1171 Ovidium
822 1113 876 1190 Ep.
900 1112 952 1183 vl,
976 1103 1036 1174 {tlt

283 1231 403 1284 Devovet
419 1231 550 1294 absolutes,
568 1228 758 1295 simulacraque
774 1243 850 1280 cerea
866 1225 941 1295 flgit3

386 1315 423 1368 Et
439 1314 562 1368 miserum
580 1319 671 1368 tenues
687 1314 715 1366 in
729 1312 804 1378 iecur
821 1317 896 1378 urget
911 1328 983 1366 acu.

184 1423 338 1480 consonae
357 1437 454 1492 voces,
478 1439 550 1499 quac
570 1417 682 1477 suntin
702 1417 818 1495 syllabis
835 1419 986 1478 durescit
1005 1459 1013 1478 .
1035 1461 1046 1479 .
1069 1461 1079 1479 .
1206 1443 1207 1470 t

184 1525 356 1601 liquescit,
396 1521 424 1578 in
453 1520 617 1581 derivativis
649 1520 826 1578 commodant
850 1520 959 1592 mrius,
994 1539 1079 1603 quan

183 1622 245 1682 fieri
266 1622 294 1680 id
316 1621 442 1700 potuerit
462 1621 628 1699 insyllahis
650 1621 807 1700 primitivis.
852 1625 885 1681 lo
906 1622 1078 1682 carminibus

183 1723 380 1797 devotionum,
402 1725 485 1802 quale
505 1723 625 1784 Catonis
645 1720 738 1804 (160)
761 1725 875 1783 darier
897 1725 1079 1786 dardanos

146 1885 149 1889 ,
183 1830 369 1887 natatoriae
397 1833 426 1884 et
452 1831 522 1887 iota
552 1831 648 1900 piata
675 1831 776 1897 aicta,
810 1842 911 1886 vocum
932 1827 990 1886 ista
1010 1847 1079 1888 cou-

182 1929 316 1989 sonantia
345 1935 439 1988 amata
465 1947 530 1988 esee
555 1929 678 1990 videtur.
726 1929 796 1988 Urso
823 1931 934 1988 eodem
960 1927 990 1986 in
1018 1936 1078 1987 tres

182 2029 377 2112 longitudines
404 2007 541 2089 coactum.
586 2031 699 2102 Mola,
729 2032 847 2089 molita
868 2037 931 2090 arat
953 2027 991 2090 eir
1012 2031 1078 2090 hor-

182 2132 281 2191 notino
315 2131 442 2190 Tritico
475 2132 595 2206 Spelta
620 2131 679 2203 L„
713 2131 909 2209 antiquissimo
935 2131 1077 2192 humecto
1171 2180 1176 2188 .

180 2229 336 2305 Italorum,
371 2231 497 2292 admixto
518 2234 593 2305 sale,
616 2235 718 2310 ,ποία
738 2236 835 2293 sulca
855 2241 886 2294 at
897 2237 967 2308 far
983 2239 1078 2310 ptum

181 2336 344 2416 plerumque
380 2335 537 2415 appellata:
570 2354 626 2415 qua
658 2333 853 2395 sacrificantes
881 2335 1006 2396 fronton
1028 2338 1078 2396 ho·

181 2439 394 2510 stiaaoultros
416 2443 446 2496 et
466 2457 532 2497 oras
554 2438 738 2519 spargebant.
782 2437 825 2496 dd
841 2437 1076 2515 sacpa'veosfica,

181 2555 253 2616 quae
280 2537 447 2597 sacrificium
468 2539 640 2598 exhihahaot
660 2540 776 2600 deorum
798 2535 967 2611 inferorum,
1001 2539 1076 2602 Dido

180 2655 292 2714 quoquo
318 2655 378 2694 eam
406 2639 532 2698 adhibuit
551 2641 623 2699 Aeo.
646 2642 698 2713 lv,
730 2645 801 2703 517.
845 2641 953 2700 More!
976 2641 1075 2702 italum

179 2737 317 2818 Virgilius
339 2742 369 2796 et
390 2738 437 2796 isti
457 2745 486 2798 et
507 2739 552 2799 hio
567 2742 730 2802 Thessalae
749 2742 1076 2804 mnmotassevidemr

180 2859 237 2898 noa
264 2838 374 2912 minus,
408 2859 490 2920 qaam
517 2843 585 2903 alili
612 2844 684 2902 hen.
715 2845 757 2915 ll,
795 2853 869 2916 132,
901 2851 932 2904 ct
953 2846 1075 2916 Scaeua,

179 2942 392 3022 tragoediarum
414 2944 546 3023 scriptor,
568 2945 597 3003 in
615 2943 723 3022 Oedipo
745 2945 781 3019 ll,
804 2949 876 3018 335,
898 2945 969 3025 ipsis
985 2948 1075 3008 Grac-

106 3065 111 3094 t
181 3041 223 3100 cir
250 3043 355 3102 aetatis
381 3046 556 3106 Homericae.
601 3045 705 3108 Graeci
732 3045 842 3125 antiqui
863 3046 892 3106 in
913 3046 1074 3129 sacrificiis,

180 3149 214 3201 nt
238 3141 329 3221 prima
355 3144 505 3218 libamina,
542 3143 678 3230 ἀπαρχαὶ
707 3149 768 3209 τῶν
794 3149 929 3220 mcciv,
965 3157 1075 3214 monti

180 3242 316 3302 hordeum
336 3247 473 3319 solidum,
502 3242 590 3308 οὐλαὶ
612 3249 673 3311 sive
696 3242 874 3327 οὗλοχΰται,
900 3249 1075 3330 quippe-ve-

180 3341 363 3405 tustissimum
385 3365 465 3406 soom
483 3345 607 3410 hactum
629 3357 787 3431 agrestam,
814 3351 1007 3433 spargebant:
1029 3373 1075 3413 ss·

179 3441 272 3504 dores
298 3451 392 3506 autem
413 3446 471 3505 liha
491 3467 578 3526 saepe
600 3451 697 3512 tenuia
718 3458 748 3512 et
767 3453 906 3524 rotunda,
937 3445 1073 3523 πόπανα,
