2424 3994
183 249 224 310 13
441 239 595 300 ennoea
619 241 640 300 ι.
666 245 820 336 ιιι-ιι.

181 409 354 476 libertatern,
383 425 435 476 ne,
465 407 623 484 siquando
646 410 773 468 veterani
801 427 838 468 ex
868 427 941 490 egro
964 409 1100 494 Cremn-¹

182 506 263 564 nensi
285 485 386 564 milites
408 505 566 577 irruissent,
589 527 680 567 novus
702 507 830 568 domiuus
849 517 900 569 aut
918 503 1078 580 reeusaret,

182 613 234 665 eut
252 605 355 682 iniquis
377 625 438 664 eam
454 604 629 665 obstrueret
651 597 871 667 difficultatibus.
916 607 1078 670 Libertas

182 707 244 764 Dea
266 712 328 764 erat
349 705 494 776 Romanis,
517 725 590 784 quae
608 725 645 765 ex
666 715 792 769 veterum
815 707 948 788 opinione
969 713 1077 783 refer-

182 817 237 865 ret
262 817 431 882 aspectum
453 807 489 864 ad
512 800 666 884 supplices,
699 814 729 866 et
747 813 890 886 propios
911 829 967 869 ens
985 816 1078 870 oeni-

181 917 245 966 φοι.
295 905 417 964 Tamen
439 911 594 979 responsa
614 939 656 952 --
677 913 833 982 reapeoeit
852 921 978 982 tamen,
1002 912 1078 988 qnod

182 1007 313 1064 iteratum
339 1004 474 1065 leetnrum
495 987 589 1084 ‘pellat
616 1007 739 1079 animos,
775 1009 913 1067 bominem
941 1010 1076 1080 declaret,

72 1186 76 1194 Ι
183 1105 242 1175 eui,
275 1105 350 1183 qued
371 1104 419 1164 diu
446 1103 609 1184 frustraque
631 1107 742 1167 ardenti
769 1108 864 1168 studio
887 1111 1074 1188 expetiverat,
1142 1153 1146 1166 ,

183 1213 212 1264 et
232 1205 281 1266 vix
303 1205 420 1284 amplius
442 1214 616 1284 speraverat,
639 1216 819 1286 postremum,
842 1217 1012 1288 postremum
1034 1222 1076 1270 ta-

182 1305 257 1363 men!
281 1304 403 1366 obvenit.
447 1304 549 1364 Iners
571 1307 706 1386 ignavus,
729 1310 864 1389 segnior,
886 1310 1012 1370 infirmus
1032 1345 1076 1356 -

182 1423 284 1484 aeger,
316 1391 543 1482 quemadmodum
571 1409 645 1485 apud
672 1409 817 1468 Tibullum
844 1416 937 1470 iners
968 1411 1073 1472 aetas.

182 1503 258 1563 Fieri
273 1504 391 1574 solebat,
413 1512 446 1564 ut
462 1505 537 1565 servi
565 1507 599 1566 de
617 1508 728 1588 peculio
744 1505 774 1568 i'n
793 1509 950 1570 libertatem
964 1531 998 1572 se
1015 1513 1074 1572 vin-

183 1604 310 1663 dicarent
319 1603 410 1683 pretio
423 1604 471 1664 vix
493 1607 635 1679 mediocri,
658 1610 733 1688 qnod
752 1610 891 1670 interdurn
904 1620 988 1672 antea
1000 1614 1075 1692 pacti

182 1703 304 1777 tirerant,
326 1725 382 1782 que
403 1706 438 1764 de
459 1725 491 1764 re
512 1705 628 1785 Lipsius
650 1710 713 1791 egit
734 1712 770 1769 ad
795 1711 872 1771 Tae.
895 1709 984 1772 Arare.
997 1715 1074 1784 xlv,

183 1810 221 1864 41
246 1810 276 1862 et
297 1805 500 1865 'l'aubmannus
522 1807 692 1868 adplene.
717 1810 797 1871 Aul.
817 1813 850 1882 V,
874 1820 903 1872 8.
948 1815 1074 1875 Servitu-

182 1910 253 1974 tem,
287 1904 398 1963 Seneca
419 1905 509 1984 inquit
530 1927 574 1986 ep.
598 1917 655 1980 80,
677 1911 816 1990 mancipia
846 1931 956 1992 qnoque
977 1916 1074 1976 condi-

181 2002 266 2060 tionis
288 2012 447 2077 extremae,
469 2015 499 2066 et
520 2009 548 2065 in
572 2009 614 2064 his
636 2010 766 2066 sordibus
789 2019 870 2081 nate,
894 2015 968 2072 omni
990 2017 1073 2073 modo

67 2165 71 2178 Ι
181 2121 287 2162 exuere
308 2111 461 2176 conantum
482 2105 619 2183 peculium
634 2125 723 2177 suurn,
746 2108 821 2185 quod
837 2123 1074 2189 comparaverunt

179 2209 278 2261 ventre
299 2202 439 2273 fraudato,
462 2221 513 2280 pro
525 2203 617 2280 eapite
638 2215 796 2266 numerent.
841 2211 977 2288 Captivos
993 2212 1073 2296 frugi

179 2309 209 2360 et
229 2303 379 2383 diligentes
401 2321 457 2359 nnn
479 2302 696 2381 quinquennium
725 2306 786 2367 fere
808 2311 926 2390 amplius
947 2314 1070 2375 servitu-

178 2407 234 2459 tem
255 2402 362 2479 perpeti
383 2401 483 2460 solitos
504 2421 576 2474 esse,
600 2406 701 2466 Cicero
723 2409 793 2488 dieit
807 2409 896 2472 Phil.
920 2415 993 2486 Vlll,
1019 2425 1068 2476 11.

91 2554 95 2560 ,
176 2500 295 2560 Barbam
317 2500 443 2570 tondere,
466 2520 547 2578 quem
560 2505 687 2564 Graecus
708 2528 812 2568 morem
822 2512 977 2573 Alexandri
999 2524 1068 2574 tern-

176 2619 245 2678 pore
271 2599 441 2677 Chrysippus
469 2601 649 2682 philosophus
676 2605 797 2670 Athen.
824 2613 908 2684 Xlll,
938 2623 1063 2678 tstss.

176 2698 258 2758 testis
270 2704 314 2756 est
330 2699 482 2776 accepisse,
504 2722 669 2782 quemquam
683 2708 852 2771 Timotheus
865 2715 947 2773 etiam
962 2723 1018 2776 tum
1031 2717 1065 2774 ti-

176 2797 255 2856 bieen
267 2797 377 2876 ingenti
390 2799 477 2858 barbe
489 2805 617 2876 canebat,
630 2807 749 2868 Graecis
765 2813 926 2872 tonsoribus
941 2816 1066 2874 eSieilia

174 2896 298 2958 adventis
329 2918 403 2957 anno
434 2902 597 2962 cccctlv
628 2909 748 2968 Romani
782 2922 1001 2987 consueverant,
1035 2925 1065 2974 et

174 2997 211 3055 od
232 2996 403 3056 Hadrianum
430 3018 519 3080 usque
541 3006 672 3067 manebat
698 3013 873 3072 consuetudo
893 3013 1063 3095 Augustum,

159 3095 229 3173 qui,
251 3115 357 3158 naevos
379 3100 437 3159 oris
453 3109 485 3161 ut
506 3110 627 3185 tegeret,
651 3107 764 3171 barbam
785 3113 975 3190 promittebat.
1004 3117 1062 3174 Hu·

67 3263 71 3269 ,
168 3196 217 3275 J‘us
237 3197 373 3274 usquead
394 3207 524 3274 aetatem,
547 3207 711 3285 quicumque
733 3211 919 3271 urbanitatem
941 3215 1062 3293 aliquam

171 3305 364 3375 sequerentur,
386 3319 451 3359 raso
464 3301 525 3362 lere
547 3306 792 3384 conspiciebantur
813 3319 917 3384 mento,
940 3313 1063 3394 laetique

172 3396 283 3459 barbam
290 3400 442 3480 juvenibus
453 3403 678 3482 gratulabantur,
701 3426 781 3485 quem
792 3409 894 3470 festum
907 3414 979 3476 diem
993 3417 1064 3474 XXl
