2414 3978
382 265 600 352 nenoonx,
627 274 788 330 ιιι-ηιμ
917 221 920 227 ’
954 275 1023 340 uua
1076 250 1078 256 '

128 435 298 517 religionum
331 434 368 494 od
393 434 487 514 patrio
514 432 658 495 domicilia
689 434 847 514 temploque
880 455 933 496 sua
960 457 1024 516 pcr-

128 536 278 608 traxerint,
300 535 366 611 Ep.
389 532 498 615 Mprh.
520 537 557 608 ΙΙ,
581 544 621 598 36
644 531 724 617 (74).

214 645 359 700 19-21,
402 638 476 696 Post
501 657 570 698 oves
597 637 684 717 opilio
712 655 823 717 quoque
853 635 1024 715 propinquat

128 737 371 818 speculabundus,
400 744 432 797 et
459 738 594 818 deinceps
622 739 671 798 alii
698 746 830 820 pastores
858 738 932 798 alter
960 744 1026 816 post

128 841 257 904 alterum.
285 873 329 884 --
356 838 497 926 Daphnidi
519 839 713 910 Theocriteo,
743 840 808 920 qui,
836 859 920 902 verus
942 858 1026 918 quum

127 948 227 1020 pastor
241 929 327 1010 esset,
350 939 404 998 diis
417 959 553 1022 agrorum
574 941 740 1002 familiarius
761 942 804 1002 uti
825 948 1023 1013 consueverat,

127 1041 287 1102 Mercurius
298 1040 416 1122 primum
438 1043 645 1122 propinquabat
666 1043 816 1122 propitius,
839 1050 897 1101 tum
919 1041 1025 1102 caetori

127 1148 261 1224 pastores
283 1149 312 1202 et
333 1150 399 1222 post
420 1143 469 1204 alii
490 1144 530 1204 dii
551 1144 661 1204 rurales
683 1144 706 1215 l,
727 1149 787 1204 77:

162 1274 309 1329 Mercurius
326 1275 423 1343 primum
440 1275 547 1330 veniens
565 1277 712 1341 domante,
730 1275 791 1329 terit
807 1281 834 1328 te

163 1359 278 1429 Daphni,
295 1359 389 1429 inquit,
407 1356 485 1429 quial
501 1359 559 1425 dio,
578 1359 653 1414 ardes
671 1375 748 1428 quem
765 1365 819 1414 tam
834 1357 1024 1414 vehementes-'l

316 1445 439 1500 Pastor-es
457 1460 553 1498 venere
569 1444 658 1510 boum,
677 1461 812 1513 caprarum
830 1443 985 1514 oviumque,

163 1530 330 1584 Quaerebant
347 1545 448 1594 omnes,
466 1532 534 1583 male
551 1546 597 1582 cnr
613 1527 669 1582 sit?

127 1650 282 1731 Sapienter
314 1671 383 1713 oves
412 1649 567 1732 Virgilius,
606 1671 680 1729 quae
712 1650 883 1731 hospitibus,
921 1649 1024 1730 quippe

129 1753 251 1822 cicures,
275 1751 544 1832 propinquaverant,
566 1752 717 1830 opilionem
739 1752 874 1812 continuo
897 1752 1024 1830 aliosque

40 1903 45 1912 ,
127 1859 261 1936 pastores
283 1859 420 1929 sequutus
442 1871 506 1910 csso
527 1850 606 1921 facit,
628 1849 811 1931 primumque¹
824 1851 1023 1932 deindellpol-

125 1956 222 2026 linem,
246 1952 290 2012 cui
304 1951 404 2011 Gallus
425 1952 532 2031 pridem
553 1957 638 2010 notus
660 1957 746 2010 esset.
774 1951 899 2026 (spulso,
922 1959 1023 2012 exten-

125 2075 189 2116 sum
212 2074 249 2113 ex
271 2055 391 2129 optlio,
421 2059 519 2113 custos
541 2051 648 2124 ovium,
676 2071 728 2132 pro
751 2055 867 2125 ouilia,
895 2054 971 2134 qnod
994 2061 1023 2114 ot

125 2158 218 2239 ipsum
239 2155 389 2236 reperitur.
421 2155 467 2214 llx
489 2148 542 2228 ὄϊς,
565 2159 634 2212 coir
656 2153 685 2212 in
707 2152 790 2215 ltalia
808 2153 905 2228 tiabat,
927 2155 1024 2216 addito

126 2258 303 2338 aspiratione
324 2255 455 2330 Aeolica3
483 2255 529 2329 id,
557 2261 717 2335 correptum
737 2255 766 2315 iu
789 2274 863 2332 ops,
891 2258 1024 2334 quemad-

125 2360 240 2420 modum
262 2353 344 2434 δαὶς,Ι
361 2359 468 2430 dania
492 2359 587 2430 dupe,
610 2355 774 2418 declarabat
790 2357 885 2428 bonu,
907 2357 1023 2419 divitiae

126 2460 261 2542 quoniam
282 2479 320 2518 cx
342 2463 445 2538 pecore
468 2464 564 2528 crant,
586 2457 722 2536 deamque
743 2455 918 2530 diuitiarum,
946 2458 1022 2534 Ops,
1107 2496 1112 2506 ι

126 2581 202 2642 quae
230 2560 283 2619 dea
316 2560 452 2638 quaedam
486 2565 549 2618 erat
575 2567 720 2638 postorum
747 2580 765 2620 a
792 2559 881 2640 primo
908 2560 1022 2642 origine

125 2664 215 2740 Epp.
238 2658 345 2740 Mart.
367 2661 389 2734 l,
414 2667 464 2722 17.
486 2683 514 2740 p.
539 2663 599 2724 106
622 2657 723 2742 (tlt).
745 2661 818 2722 Hinc
838 2660 943 2722 sactum
967 2669 1020 2735 est,

27 2761 30 2765 ’
124 2772 160 2826 ut
188 2763 310 2843 priscum
336 2764 451 2824 verbum
478 2767 597 2838 opilio,
626 2765 700 2843 quod
729 2763 757 2823 in
785 2763 885 2845 lingua
911 2770 1021 2824 tantum
1071 2778 1074 2784 ’

124 2865 261 2928 manebat
280 2842 403 2936 rustica,
425 2864 460 2924 de
483 2864 610 2923 omnibus
631 2882 743 2942 qnoque
764 2865 876 2922 omnino
899 2865 1020 2942 postori-¹

124 2970 190 3038 bus,
212 2964 441 3044 quemadmodum
462 2965 537 3042 apud
559 2963 706 3042 Apulejum
727 2964 808 3022 Met.
821 2964 895 3023 Vlll.
916 2986 944 3043 p.
959 2973 1021 3029 210

124 3071 164 3130 de
184 3065 337 3148 capreriis,
368 3063 425 3124 dici
451 3071 557 3144 posset.
600 3055 791 3135 Bubulcus,
821 3071 851 3124 et
871 3065 960 3145 ipsum
982 3087 1027 3126 ex,

124 3176 241 3232 vetusta
266 3149 366 3249 lingua
390 3164 593 3238 ruricolarum,
621 3172 717 3224 rector
744 3166 857 3246 proprie
878 3167 962 3226 houm
983 3169 1021 3228 ad

125 3276 252 3332 aratrum
278 3269 324 3332 vel
351 3267 522 3350 plaustrum3
555 3267 596 3328 ita
618 3267 773 3326 Columella
793 3287 828 3328 eo
851 3275 881 3328 et
901 3267 1019 3329 Ovidius

124 3377 259 3431 utuntur:
282 3371 384 3432 deiude
404 3376 503 3451 pastor
524 3370 622 3443 boum3
644 3369 728 3448 quala
748 3368 777 3429 in
799 3369 919 3431 Ausonii
936 3369 1019 3430 nxu

9 3551 10 3560 ἵ
123 3471 344 3554 epigrammate,
379 3471 429 3534 ubi
457 3471 573 3554 primam
605 3471 743 3550 syllabam
770 3471 876 3532 bubus
902 3471 1019 3554 insuper
