2392 3986
215 221 279 285 rra
331 173 332 176 Ὺ
459 215 613 276 aoooan
634 217 681 278 ιν.
706 217 865 282 18-2a‘

213 382 389 448 valeanditlo
417 385 551 455 vellateo
573 381 689 468 καθ’).
732 388 778 450 llx
800 387 896 464 India,
919 389 1102 454 obiAlexoo·

211 469 265 546 cor
299 487 327 545 in
359 488 481 548 Aeetine
507 483 592 548 fluvio
620 485 713 548 fabam
745 490 914 570 Aegyptiam
942 495 1102 571 reperiebat

214 588 331 668 (qnare,
352 590 448 648 tabula
469 596 605 647 terrarum
627 609 681 649 suo
701 590 729 648 in
748 611 873 650 errorem
894 591 1045 666 inductus,
1067 596 1103 654 ad

187 671 189 676 Ι
212 687 307 748 fontes
335 671 396 750 Nili
418 690 471 749 sili
498 691 598 746 adesse
635 690 782 750 videbatur
818 685 926 752 Noooss
955 693 1100 774 Dionys.

211 789 318 861 XXVl,
346 787 438 868 2³4),
468 790 539 848 hacc
567 789 664 868 planta
693 791 722 850 in
744 792 905 872 Aegyptum
926 795 1103 872 transposita

211 889 320 963 saerata
341 889 391 948 secl
412 908 470 947 non
492 889 596 949 diutius
618 909 653 948 aa
675 891 807 968 durabat,
830 893 1101 970 quameolonorom

211 991 357 1050 industria.
401 991 533 1050 Eandem
561 991 744 1063 colocasiam,
777 992 887 1053 Plinius
914 1000 1015 1054 auctor
1044 1004 1098 1069 est,

210 1091 299 1170 ipsius
320 1098 445 1169 tompore
466 1091 550 1150 etiam
572 1091 602 1150 in
623 1093 705 1152 ltalia
726 1101 816 1152 satam
839 1113 916 1166 esse,
939 1103 982 1168 et,
1007 1097 1100 1178 Virgi-

210 1192 264 1251 lius
286 1212 342 1271 qua
363 1193 425 1272 ejus
446 1193 615 1250 mentionem
636 1192 720 1264 facit,
749 1213 839 1272 paene
867 1196 969 1276 conjici
1000 1198 1098 1275 possit,

164 1271 171 1282 ¹
210 1300 267 1351 tom
291 1294 425 1372 temporis
447 1293 536 1371 ipsum
563 1285 679 1371 orimum
709 1295 770 1373 ejus
798 1295 924 1355 culturae
946 1297 1099 1375 periculum

209 1393 313 1454 factum
336 1411 416 1452 esso:
437 1393 490 1450 nisi
513 1393 640 1453 Servium
663 1395 761 1454 audire
783 1397 932 1468 malumus,
962 1405 1028 1475 post
1051 1399 1097 1458 de-

208 1495 309 1556 victam
332 1495 367 1553 ab
389 1497 520 1575 Angusto
546 1496 707 1575 Aegyptum
734 1497 843 1556 Romae
863 1498 1034 1556 eolooasiom
1056 1499 1097 1562 in-,
1124 1493 1127 1500 '

209 1597 335 1655 notuisse
342 1641 351 1669 ,
380 1596 526 1654 dicentem.
578 1596 723 1654 Palladius
744 1597 897 1676 praecipit,
929 1617 1001 1670 noo,
1031 1618 1098 1676 que-

141 1737 146 1747 s
173 1745 176 1752 .
208 1698 380 1756 nadmodum
403 1699 431 1755 io
452 1698 600 1778 Aegypto,
627 1704 659 1755 ut
690 1695 773 1756 fabae
800 1698 829 1755 in
860 1698 977 1777 paludes
1000 1699 1098 1758 ‹leonit-
1181 1701 1182 1738 l

208 1783 320 1869 tantur,
352 1799 402 1857 sod
430 1799 505 1858 bulbi
533 1796 621 1877 (node
640 1802 810 1858 colocasia
831 1799 876 1859 vel
897 1803 1098 1860 colocasia»

208 1899 323 1978 nomen)
353 1906 401 1971 ut,
428 1899 505 1958 cirea
531 1898 627 1958 fontes
654 1905 685 1958 ct
716 1899 793 1960 rivos
830 1901 973 1960 hortorum
1002 1902 1097 1986 positi,

207 2002 379 2081 tegumentis
401 2020 419 2058 a
440 1999 550 2078 frigore
572 1998 767 2060 defendantur«
811 2000 966 2058 Columella
985 2003 1098 2074 suadet,

207 2108 239 2158 ut
260 2100 369 2160 insulae
391 2117 502 2178 quoque
522 2099 551 2156 in
575 2097 779 2174 nessotroplriis
795 2098 958 2172 colocasiis,
982 2104 1096 2162 tamari.

207 2201 286 2260 cibos
307 2207 337 2258 et
357 2199 457 2278 scirpis
477 2199 515 2257 acl
529 2199 606 2277 ripas
616 2205 819 2269 conserantur,
840 2205 872 2256 nt
893 2206 994 2259 anates
1005 2223 1095 2281 opaca

205 2303 385 2382 receptacula
404 2302 535 2361 habeant.
579 2301 624 2358 Ex
638 2301 692 2358 hae
711 2299 823 2360 diverso
834 2300 962 2359 culturae
983 2304 1097 2362 ratione

206 2404 331 2482 plantam
351 2403 506 2463 Salmasius
517 2401 632 2482 conjicit
644 2401 797 2472 diversam,
819 2401 948 2460 Kulkaas
970 2400 1096 2462 sortasse

205 2512 366 2563 nostrorum
387 2504 542 2562 hominumn
572 2520 668 2561 verum
697 2501 757 2579 ipse
783 2501 922 2560 Martialis
945 2501 980 2560 de
1001 2504 1096 2582 scapis

205 2603 364 2662 colocasiae
384 2603 506 2672 lenosis,
533 2600 581 2678 qui
602 2599 686 2658 fabae
715 2607 822 2660 tanturn
850 2601 982 2680 palustris
1010 2611 1095 2662 erant

204 2695 365 2784 Aegyptiae
392 2701 452 2762 siva
478 2699 631 2770 Nelumbii‚
663 2700 746 2779 plane
773 2703 871 2762 eadem
897 2701 983 2774 oi'oit,
1021 2723 1095 2782 quac
1141 2782 1145 2790 r

192 2807 338 2884 ,pmorua
1067 2874 1069 2878 .

331 2907 437 2965 Raram
481 2903 603 2962 omnium
649 2903 758 2964 utilium
796 2910 825 2962 et
866 2902 988 2988 oluleiom
1032 2903 1093 2964 eine

204 3009 364 3089 adjumento
391 3007 538 3066 hominurn
553 3004 652 3084 origo,
684 3023 792 3084 greges
819 3003 958 3062 mansueti
980 3010 1011 3062 et
1031 3003 1091 3063 foe·

203 3110 303 3181 cundi,
338 3111 417 3170 ferae
448 3107 598 3178 innoxiae,
639 3103 772 3166 ommium
804 3109 833 3164 et
863 3103 1022 3182 plantaru-
1044 3123 1091 3166 ve-

272 3327 299 3394 ·)
335 3323 420 3378 Cottii
431 3323 560 3389 Sprengel
576 3319 636 3374 hist.
654 3319 693 3374 rai
704 3318 839 3372 herbariae
855 3320 867 3370 l
884 3335 910 3386 p.
929 3317 993 3372 147:
1011 3321 1090 3372 Arma

204 3431 350 3490 comosa,
368 3425 412 3476 en.
430 3422 457 3488 4,
475 3420 518 3475 oo.
