2392 3986
206 269 271 332 169
473 260 626 320 ECLOGA
650 259 695 318 lv.
719 267 844 319 8-10.

276 425 341 476 Esse
360 439 410 489 ego
427 441 567 493 numquam
589 424 657 476 inter
674 423 777 492 quintos
794 421 913 474 homines
931 420 1084 484 voluissem

250 535 256 542 -
278 508 369 562 Senior
386 515 431 560 aut
448 507 520 560 nasei
538 509 665 559 ruralebam
683 513 727 558 aaut
744 513 803 556 ante
821 503 919 556 moriri.

276 593 404 644 Ferreum
424 592 491 643 enirn
511 609 592 657 genus
610 592 660 643 hoe
677 590 935 643 lronrinum——-
960 637 962 641 ⁴

278 677 397 744 luppiter
414 676 505 727 horum
524 675 601 726 etiam
619 676 709 724 vocale
727 672 839 724 abolebit
856 679 882 724 at
900 690 1002 725 aevum.

545 751 553 770 θ

212 797 323 855 Tamen
355 797 531 855 Cumaeam
561 815 694 852 carmen
715 799 865 872 propterea
886 814 943 850 non
966 793 1102 864 Hesiodo,

214 897 294 975 cujas
316 903 396 973 pater
417 916 454 954 ex
467 898 554 954 Came
570 895 656 952 Asiae
679 895 813 951 oriundus
836 901 911 962 erat,
934 913 996 950 earn
1009 895 1104 952 Probo

213 995 388 1054 tribuendum
402 1005 461 1068 est3
483 997 633 1056 Cumaeam
650 1015 761 1056 carmen
787 1014 869 1072 qaum
881 995 1009 1051 Romano
1023 1015 1102 1052 suam

214 1096 347 1173 Sibyllam
359 1097 477 1175 primum
493 1106 522 1155 et
530 1096 702 1176 potissimum
715 1095 742 1153 in
756 1096 874 1153 animum
887 1101 1051 1164 revocaret,
1077 1102 1105 1152 et

211 1195 327 1254 Hesiodi
356 1217 468 1255 carmen
492 1218 528 1254 ne
550 1199 700 1254 Cumaeam
723 1195 847 1274 quidem,
877 1197 928 1253 sed
949 1196 1103 1252 Ascraeum

211 1305 296 1355 esset.
339 1297 402 1355 Dea
422 1285 604 1368 Jaaa'a'ae,
639 1294 736 1372 Λικη,
760 1317 796 1354 ex
819 1297 890 1356 Jove
913 1303 943 1354 et
964 1294 1104 1354 Themide

213 1404 293 1466 nata,
322 1416 395 1473 quae
417 1397 587 1474 pedetentim
609 1404 674 1474 post
696 1417 809 1455 auream
833 1404 954 1456 aetatem
977 1397 1103 1454 diseede·

137 1475 141 1484 ,
211 1497 274 1565 laet,
298 1487 469 1575 postremum
491 1482 585 1555 aenea
604 1504 697 1556 aetate
720 1499 756 1555 ad
778 1498 900 1569 eoelum,
929 1497 1026 1555 ultima
1048 1497 1103 1554 De-

215 1615 307 1665 aram,
346 1596 492 1668 avolabat,
530 1598 619 1664 uude,
658 1597 686 1655 iu
718 1599 845 1656 Zodiaeo
885 1597 985 1674 Virgo
1017 1596 1103 1667 facta,

213 1696 334 1754 Astraea
356 1697 415 1758 sive
437 1699 526 1780 virgo
543 1699 654 1757 siderea
682 1719 700 1756 e
726 1695 929 1757 recentioribus
951 1697 1102 1766 nominata,

127 1867 132 1874 x
211 1798 329 1856 relucet.
373 1799 565 1860 Albinovanus
594 1799 634 1872 ll,
665 1807 702 1860 23
733 1819 845 1857 auream
875 1799 1014 1880 virginem
1043 1820 1102 1857 eum

202 1899 343 1983 appellat.
400 1900 553 1959 Christiani
586 1909 781 1979 pervertentes
812 1900 930 1958 Mariam
964 1900 1102 1980 virginem
1181 1888 1186 1951 i

210 1999 264 2056 hoe
286 1999 349 2056 loeo
371 2008 545 2076 repererant.
589 2001 633 2056 Ad
643 2003 697 2057 hoe
712 2021 763 2059 ver
784 2001 878 2057 mundi
899 2001 1029 2071 redienS,
1053 2001 1101 2059 suh

209 2079 311 2174 paeato
333 2105 362 2154 et
383 2098 471 2155 libero
492 2087 636 2154 Saturni
659 2097 793 2174 imperio,
818 2118 891 2155 nane
906 2121 1025 2159 novum
1046 2121 1101 2182 ge-

98 2231 101 2238 ,
209 2217 273 2268 oua
299 2194 476 2258 humanum
506 2197 646 2268 nascitur,
676 2198 754 2276 cajus
785 2199 987 2278 generosiores
1010 2203 1101 2272 animi,

211 2299 364 2357 seeundum
380 2299 554 2358 Platonicam
578 2300 737 2378 opinionem
759 2298 812 2358 Lb.
836 2297 882 2371 lV,
908 2309 978 2372 221,
1003 2304 1102 2382 quippe

210 2419 248 2457 ex
270 2400 364 2458 anime
391 2401 532 2458 mundana
559 2401 653 2459 omnia
681 2402 823 2460 animante
844 2399 978 2476 fluentes,
1011 2425 1049 2463 ex
1070 2404 1101 2462 li-

209 2499 370 2577 quidissimo
399 2498 544 2559 Aethere
566 2501 671 2571 creati,
699 2522 716 2560 a
738 2523 890 2579 supremo
912 2507 1001 2563 coelo
1025 2507 1101 2564 atel-

209 2599 310 2670 lifero
339 2600 574 2668 demittentem
603 2599 639 2658 ef.
668 2601 701 2671 V,
731 2593 789 2662 56.Ι
809 2605 1007 2662 Dimittitur
1038 2625 1101 2684 spu-

209 2695 297 2770 rium,
319 2696 393 2774 quod
415 2703 521 2758 tanturn
545 2707 590 2756 est
611 2721 633 2758 a
654 2709 857 2776 remittere,
882 2703 965 2765 Hafa.
988 2705 1030 2763 A.
1054 2707 1101 2764 ha-

209 2795 257 2854 bet
278 2797 406 2876 aprima
428 2819 524 2872 manu,
548 2808 577 2859 et
602 2796 640 2864 C.

237 2976 239 2990 .
294 2940 420 2994 8-10.
464 2934 591 2996 Melioris
612 2939 741 3020 generis,
772 2941 846 3016 quod
868 2941 980 2998 rediens
1004 2961 1100 3000 aarum

208 3039 332 3092 aetatum
343 3044 525 3113 experturum
536 3045 594 3109 est,
617 3039 767 3117 primitias,
789 3038 876 3098 filium
900 3039 1016 3100 fortuna
1038 3063 1101 3102 esse

210 3133 375 3206 destinavit,
398 3127 454 3215 qui'
468 3159 505 3196 ex
526 3139 666 3198 Pollionis
692 3160 783 3200 uxore
806 3150 997 3220 exspectatur.
1044 3145 1101 3203 Sed

210 3243 257 3305 tu,
286 3235 370 3316 virgo
398 3237 524 3310 Lucina,
556 3238 666 3298 felicem
696 3241 747 3300 des
777 3240 841 3299 huie
863 3261 950 3320 puero
972 3248 1106 3321 partums

204 3334 264 3413 jem
285 3335 358 3394 enim
386 3335 482 3396 ferree
503 3345 583 3397 aetas
610 3341 708 3400 ultima
736 3341 803 3400 anui
831 3342 963 3401 mundani
986 3345 1099 3404 seeeuln

207 3432 319 3506 finitur,
347 3434 437 3495 fratre
459 3443 509 3495 tuo
530 3438 659 3516 Apolline
682 3448 830 3522 regnante.
859 3475 895 3488 -
938 3445 1097 3514 Mundus,
