2394 3980
195 213 247 275 32
445 201 598 264 euboea
618 205 665 264 Vl.
691 209 835 268 ‹ii-60.

199 370 259 434 voti
278 371 418 450 Pasiphae
439 392 551 452 oompos
570 371 648 432 iaetu
668 378 726 446 est,
748 378 779 434 et
798 369 915 451 eonjugi
935 369 1076 432 Minotau-

199 493 258 530 rum
287 472 397 530 taurino
424 474 517 554 eapite
543 474 664 553 peperit,
693 473 741 551 qui
766 473 924 534 homiuibus
943 473 1078 532 vesceba-

200 581 255 644 tur‚
277 580 306 632 et
326 575 473 634 eTlneseo
493 575 631 634 Ariadnes
652 575 758 634 auxilio
778 574 950 636 vincebatur.
992 574 1078 634 For·

158 711 159 718 ι
199 686 331 745 immota,
359 681 426 734 misi
448 685 507 734 -.'·
530 677 711 736 contentione
732 675 836 736 aeriter
857 652 1017 756 pungerite,
1039 695 1078 735 ex

198 795 254 854 qua
274 776 422 836 altitudine
443 779 479 836 ad
501 797 580 856 quam
602 777 783 846 humilitatem
800 779 919 840 adversa
936 796 997 836 earn
1018 775 1076 836 for-

138 936 157 974 4,
197 883 266 937 tuna
292 877 435 956 dejecerit.
480 879 662 938 Candidum
688 880 808 938 colorem
831 895 955 949 eaerum,
984 896 1076 956 quem,

198 979 272 1038 sieut
293 979 351 1050 hio,
382 979 422 1038 ita
443 979 471 1038 in
493 980 635 1059 Propertii
656 981 696 1052 ΙΙ,
729 988 783 1053 23,
815 966 893 1041 1135
907 985 937 1038 et
957 979 987 1036 in
1009 977 1076 1037 Pni-

199 1051 315 1140 lostrati
337 1080 460 1161 imagine
486 1082 516 1155 l,
547 1090 608 1142 16..
624 1093 742 1142 daueros
764 1081 861 1154 habet,
882 1085 991 1151 auctor
1018 1079 1076 1138 lto-

198 1188 301 1262 ptunus
328 1183 453 1263 dederat.
505 1183 575 1241 Nam
604 1183 669 1242 huie
690 1189 719 1242 et
738 1183 792 1262 ipsi
812 1201 868 1241 nou
890 1187 1000 1259 semper
1021 1179 1077 1239 atri

90 1349 91 1352 Ἴ
198 1284 274 1342 tauri
296 1284 396 1361 Odyss.
419 1284 476 1354 ΙΙΙ,
499 1291 534 1354 6,
555 1285 614 1354 sed,
634 1284 710 1343 loeta
730 1283 852 1354 victima,
874 1282 993 1342 candidi,
1006 1301 1076 1360 quo-

198 1403 252 1462 que
273 1383 480 1457 offerebantur,
508 1391 541 1442 ut
561 1385 590 1443 in
610 1384 742 1444 Aeneidis
764 1385 802 1456 V,
833 1392 908 1446 2³6:

262 1497 343 1551 Vobis
360 1499 441 1550 laetos
458 1513 508 1562 ego
525 1498 574 1550 hoo
591 1498 742 1552 candentem
758 1499 786 1551 in
802 1498 878 1552 litore
895 1504 994 1551 taurum

262 1581 423 1633 constituam
440 1587 500 1634 ante
516 1598 573 1634 eras
590 1582 644 1635 voti
660 1599 729 1636 reus.

195 1685 239 1745 lta
260 1656 509 1763 lielleroplrontem
536 1685 676 1747 Pindarus
697 1685 741 1746 01.
761 1687 846 1760 ΧΙΙΙ,
879 1695 935 1759 98,
962 1692 1009 1760 ut,
1036 1685 1075 1746 ob

82 1849 86 1860 ¹
194 1783 336 1867 Pegasum
358 1787 507 1861 domitum,
538 1807 669 1866 equorum
691 1788 821 1849 domitori
842 1789 973 1868 Neptuno
993 1808 1073 1848 ean·

195 1890 306 1948 didone
326 1900 474 1960 taurum,
511 1890 625 1970 ταῦρον
647 1882 754 1969 ἀργόν,
782 1897 898 1962 mactet,
927 1891 1097 1964 hortetur:¹

194 2009 276 2068 quem
306 1991 453 2071 candidum
485 1996 592 2049 taurum
625 1990 794 2070 interpretes
821 1997 916 2064 erant,
957 1990 1029 2070 qui‚'
1054 2011 1074 2052 s
1123 1985 1124 1988 ¹

191 2089 343 2154 scholiaste
371 2091 401 2171 iu
422 2109 484 2149 eum
506 2109 629 2149 errorem
651 2090 775 2163 inducti,
808 2111 870 2152 eum
892 2092 995 2174 nigro,
1023 2091 1073 2170 qui

194 2190 389 2272 pinguitudine
411 2190 515 2264 niteat,
543 2194 713 2252 commutare
733 2193 847 2253 veilent.

277 2300 319 2353 47
330 2301 412 2354 -60.
454 2292 508 2352 Rei
529 2291 716 2372 amplificatio.
757 2295 859 2354 Verum
881 2295 947 2374 quid
967 2315 1072 2356 causae

192 2394 246 2466 sit,
274 2394 348 2454 aliae
377 2393 488 2454 fabulae
515 2414 596 2473 quum
624 2403 751 2455 ornatum
778 2397 990 2476 suppeditarent
1012 2417 1070 2457 non

191 2494 282 2553 minus
307 2496 403 2554 auditu
432 2497 552 2568 duloem,
584 2497 760 2574 quamobrem
786 2498 858 2556 hano
884 2497 1068 2576 potissimum,

191 2595 271 2672 enjus
306 2594 423 2655 lascivio
450 2595 607 2654 cautionem
634 2597 793 2674 requirebat
819 2597 1068 2679 religiosissimam,

189 2695 286 2753 Sileno
312 2699 369 2752 tan
394 2694 495 2774 volupe
522 2681 562 2753 sit
585 2697 747 2758 enarrantii
784 2699 876 2779 Finge
902 2699 1069 2758 tibi'unimo

188 2796 292 2856 vultum
314 2802 449 2855 venustae
470 2795 600 2876 Najadis,
628 2816 727 2876 quoin,
749 2799 935 2880 ajuveuibus
956 2799 1069 2878 Satyris

63 2907 78 2934 ⁹
186 2897 289 2970 deuse,
311 2917 398 2958 sexus
416 2898 460 2958 sui
476 2897 678 2960 cavillationem
701 2901 833 2976 exaudit3
855 2907 884 2960 et
905 2900 988 2960 etism
1010 2908 1069 2960 tuor

128 3011 132 3027 ·
184 2999 220 3058 de
248 3000 324 3058 senis
351 2999 476 3060 irrisoris
502 2998 614 3060 facetiis
639 3000 750 3074 dubita,
781 3003 828 3080 qui
856 3007 969 3081 praeter
1000 3021 1067 3080 pro·

187 3098 301 3158 missu·
327 3101 478 3178 praemium
502 3101 628 3160 nonnihil
655 3103 790 3183 adjiciens
820 3102 980 3164 antediem
1003 3123 1068 3182 por·

187 3205 325 3260 numeret
366 3201 460 3259 Nihilo
486 3202 577 3261 minus
597 3209 690 3263 temen
712 3223 768 3262 nun
790 3210 903 3285 praeter
923 3202 996 3264 lines
1016 3203 1066 3262 ds·

172 3302 246 3360 -eori
275 3301 364 3374 letus,
399 3301 434 3360 de
460 3321 555 3362 amore
582 3309 690 3363 tautum
716 3305 811 3364 solatii
832 3305 923 3365 adhue
944 3309 1065 3384 experte

187 3401 279 3472 uenit,
313 3420 393 3479 quem
416 3407 557 3482 tamquam
586 3403 768 3464 miserabilem
796 3405 916 3486 eliquans
937 3408 1064 3468 dem
