2394 3980
182 243 235 306 so
431 232 588 314 seneen
609 232 656 314 pr,
684 238 832 297 ar--rn

187 403 249 463 nati
275 402 399 482 vestigia
425 402 594 473 manebant„
618 408 648 461 et
675 401 703 460 in
733 399 941 479 imperitissimo
963 419 1077 478 quoque

188 493 325 584 scriptore
351 501 510 564 firmissima
537 504 601 565 Lib.
631 504 660 574 l,
695 509 776 564 481.Λ
822 502 929 562 Nomen
958 501 1076 564 Eridani

185 613 278 674 autem
307 606 386 664 Pado
413 605 575 678 Adriatico,
615 605 663 683 qui
690 603 927 664 celebratissimus
953 612 1018 664 erat
1046 605 1075 664 in

186 707 330 768 erroribus
349 709 475 779 bennum,
497 707 679 766 constitutum
693 706 836 766 manebat:
860 705 966 764 Strabo
979 725 1075 783 quarn·

186 805 278 888 quani,
299 810 430 889 quoniam
449 809 604 868 Eridanum
626 815 753 868 veterum
774 807 803 866 in
825 807 962 866 Celticum
985 809 1075 868 (loea-

185 932 250 971 num
284 909 402 971 influere
428 911 557 981 videbat,
590 893 698 970 tantum
726 909 754 967 in
783 908 888 970 vicinia
913 909 983 969 Pedi
1012 930 1073 969 eun

184 1005 305 1092 positum
328 1014 490 1092 quaerebat.
532 1013 621 1071 Nune.
636 1011 687 1072 vel·
703 1011 738 1086 ad
756 1011 893 1081 Padurn,
914 999 959 1072 vel
980 1010 1009 1070 in
1032 1012 1077 1070 in··

186 1093 255 1174 solis
286 1115 466 1175 eleetridibue
493 1118 560 1174 ante
588 1115 649 1194 ejus
677 1113 796 1184 ostium,
830 1113 874 1171 vel
889 1112 931 1172 ad
953 1113 1074 1174 vicinum

185 1216 298 1296 aliquod
327 1225 459 1298 stagnum
482 1217 676 1296 sulphureum,
702 1209 802 1276 silvam
821 1234 885 1282 erse
907 1213 1071 1276 fabulaban-

185 1323 233 1376 tur
259 1320 390 1378 arborutn
416 1317 654 1389 electriferarurn,
690 1317 750 1378 sive
778 1317 943 1395 populorum
959 1317 1075 1398 ¹nigro-

182 1439 260 1490 -rum,
293 1421 354 1482 siae
382 1423 551 1490 almorum,
585 1439 657 1497 quae
679 1419 715 1478 ad
736 1418 843 1477 Pedum
866 1413 1073 1497 trequentiored

184 1528 280 1592 mant,
314 1520 375 1581 sive
401 1520 516 1580 larinum
544 1528 594 1580 aut
612 1509 750 1599 'pinnum,
792 1540 907 1598 quarum
935 1522 1072 1582 Gallicum

184 1639 285 1680 nemen
312 1623 423 1682 Puden
449 1619 550 1683 fluvius
577 1622 682 1691 babere
705 1622 867 1680 dicebatur:
901 1623 965 1680 dum
988 1643 1074 1702 quae·

183 1723 264 1782 rendi
300 1723 486 1783 studiosiores
518 1723 604 1784 etiam
636 1730 694 1783 tum
722 1722 860 1804 originem
889 1725 997 1784 sueoini
1025 1734 1075 1786 aut

183 1825 408 1904 septemtrionali
429 1827 562 1910 Oceano,¹
576 1826 625 1884 nbi
646 1825 682 1884 ad
704 1825 877 1888 occidentem
900 1827 988 1898 solem
1010 1847 1075 1907 spe·

182 1933 258 1999 etat,
287 1935 338 1988 aut
364 1928 514 1988 arboribus
535 1927 674 1988 resinosis
696 1933 725 1986 et
747 1927 914 1988 sole-noetu
937 1930 1075 1992 redeunte

184 2029 352 2100 calentibus,
382 2049 455 2108 quae
482 2029 521 2088 ibi
543 2029 648 2100 essent,
670 2028 795 2088 tribuero
816 2048 872 2086 non
895 2025 1074 2092 destiterunt

232 2177 237 2203 ,
268 2136 308 2192 or
325 2161 369 2176 -
386 2140 438 2192 73.
503 2131 572 2189 lude
607 2131 723 2194 Silenus
756 2136 902 2190 nemoris
934 2123 1074 2212 Grynei,
1175 2124 1179 2142 '

182 2229 338 2313 Apollini
359 2238 504 2304 sacrati,
527 2231 683 2293 fabulosam
707 2232 846 2313 originem
868 2253 971 2292 canere
992 2229 1074 2293 insti-

183 2333 253 2407 tuit3
284 2335 334 2395 sed
357 2334 432 2415 ipse,
463 2335 529 2396 vino
552 2355 716 2415 quamquem
739 2337 863 2405 elatus„
882 2336 1023 2413 quomodo
1045 2336 1074 2396 id

182 2437 228 2497 vel
250 2436 353 2496 elatius
375 2437 419 2498 vel
441 2435 566 2515 Apollini
582 2437 736 2516 jucundius
757 2436 854 2496 faeere
869 2437 968 2523 possit,
990 2455 1074 2517 quam

186 2535 335 2596 Gallus?
363 2537 449 2596 (lenit
469 2537 573 2617 igitur:
597 2540 696 2598 Gallus
718 2538 965 2616 quemadmodum,
988 2559 1074 2618 quum

183 2637 302 2718 primum
347 2637 459 2715 pebtiea
504 2638 638 2710 auderet,
683 2639 719 2698 ad
749 2639 926 2704 ··llelioonem
971 2643 1073 2720 paride

183 2757 298 2810 errans,
332 2738 367 2798 ab
398 2756 460 2796 una
481 2739 624 2802 Musarum
653 2740 680 2798 in
703 2749 824 2800 montem
847 2741 947 2824 duetus
969 2743 1072 2818 fuerit3

183 2860 280 2926 omnes
313 2838 452 2922 Apollinis
486 2847 587 2919 potitae
615 2850 645 2900 et
671 2841 798 2921 poetriae
825 2841 921 2901 futuro
950 2846 1072 2927 principi

160 2944 398 3027 apraenogientes
431 2943 565 3002 bonorem
601 2944 740 3022 quomodo
775 2944 938 3016 habuerint,
977 2953 1008 3006 et
1035 2949 1071 3009 de

144 3041 150 3054 '
181 3044 250 3104 sade
270 3067 323 3105 sua
344 3045 536 3118 surrexerint3
558 3054 588 3104 et
610 3045 715 3118 Linus,
738 3039 907 3130 auctoritate
928 3049 1071 3128 grauissi-

182 3165 260 3218 mus,
291 3147 519 3224 quomadmodum
542 3166 560 3205 a
580 3148 670 3208 Musis
689 3149 787 3228 jussus
808 3148 925 3207 Hesiodi
947 3148 1070 3210 listularn

181 3249 210 3310 ei
242 3246 409 3320 tradiderit,
447 3255 480 3306 ut
512 3269 625 3310 moa
659 3248 844 3330 Gryneus,
889 3269 946 3330 qao
990 3253 1068 3312 [laun

181 3351 350 3422 laetaretur,
389 3358 514 3412 caneret.
542 3342 545 3348 ’
579 3355 612 3413 ln
646 3352 698 3412 bae
733 3337 858 3431 quodue,
906 3361 938 3413 ut
967 3354 995 3414 in
1023 3374 1068 3414 re-

181 3451 267 3532 uqa.
303 3450 425 3525 tabulis,
474 3452 681 3535 diligentiorem
721 3455 946 3538 expositionem,
991 3475 1064 3537 quae
