2414 3978
194 289 348 350 schoah
369 289 408 350 X.
431 290 663 351 ARGUMENTl
685 292 899 356 NARRATli).
936 301 1003 366 195

110 459 252 517 desertum
284 466 412 540 poetam,
451 459 748 523 misericorde-osma
780 461 808 518 in
841 463 946 541 eampis
972 471 1003 522 et

109 559 175 618 altis
196 567 226 619 et
246 561 395 620 humilibus
416 567 446 620 et
466 561 495 619 in
517 561 580 640 ipsa
601 561 738 633 Arcadia,
760 580 816 640 quo
839 561 919 620 dolor
941 581 1003 624 enm

109 664 252 742 coegerit,
279 683 297 721 a
324 661 484 742 pastoribus
511 669 540 722 et
567 663 621 722 diis
648 671 783 745 agrorum
810 660 907 722 ilatum
928 684 1002 726 esse.

109 763 214 824 Dolore
237 784 332 822 eorum
355 775 522 824 commotum
542 764 619 824 vitae
641 765 715 844 apud
737 783 787 822 eos
808 766 933 826 rusticae
955 785 1003 825 se·

109 883 203 925 curam
215 873 368 945 exoptasse
380 866 564 937 elementiam,
585 866 649 946 ipse
663 887 746 944 quum
760 885 835 926 nnnc
850 867 886 925 ah
897 867 1003 926 amoris
1082 877 1083 880 ’

108 967 189 1026 simul
211 974 241 1026 et
263 968 328 1026 belli
349 967 517 1027 erudelitate
540 977 673 1040 veretum
695 987 792 1029 verum
814 968 902 1028 etiam
914 969 1002 1026 Aroa-

108 1069 178 1129 dieis
201 1069 405 1142 delenimentis,
426 1068 472 1131 vel
494 1068 519 1127 si
540 1069 577 1128 ad
598 1077 742 1128 extremos
764 1069 842 1128 orbis
864 1076 1002 1129 terrarum

106 1169 180 1256 fines
201 1171 287 1231 vellet
307 1171 441 1252 migrare,
463 1168 585 1229 infelicis
607 1189 639 1228 se
657 1191 741 1249 posse
751 1170 897 1230 eruciatus
907 1191 1002 1230 amen·

106 1273 165 1333 tiae
187 1272 329 1332 moderari
350 1273 526 1352 desperasse.
564 1271 730 1330 Commenta
750 1272 874 1331 suntad
896 1291 1001 1332 ornan-

107 1375 181 1450 dum,
203 1395 262 1434 nan
283 1395 368 1436 verae
388 1395 445 1434 res.
832 1378 834 1384 '
915 1387 918 1392 '

193 1477 302 1559 Magna
331 1495 398 1557 pars
431 1475 561 1536 carminis
589 1473 661 1533 enim
692 1473 784 1534 libera
810 1473 929 1534 imitatio
957 1483 1002 1534 est

105 1577 263 1659 Daphnidis
285 1579 314 1636 in
336 1577 425 1658 primo
446 1577 543 1656 idyllia
556 1575 707 1636 Theocriti
727 1595 824 1636 amore
844 1575 1001 1655 liquescen-

106 1680 155 1740 tis.
199 1681 296 1746 Quare
316 1678 441 1758 Martyni
467 1679 533 1737 mihi
553 1679 664 1740 videtur
685 1678 891 1756 approbatione
912 1679 1001 1762 digna

107 1783 273 1862 conjectura
294 1800 373 1841 essa:
397 1779 628 1858 quemadmodum
649 1779 999 1856 pharmaceutriaeTheo·

105 1884 214 1942 oritoae
235 1881 408 1951 Pollionem,
440 1880 482 1938 sie
508 1879 597 1957 ipsum
623 1877 698 1935 illins
727 1877 889 1960 nominatim
911 1878 1000 1957 idyllii

107 1985 221 2045 Gallum
242 1979 426 2041 imitationem
448 1977 611 2058 requisisse.
634 1975 708 2037 Galli
730 1976 867 2051 nimirum,
881 1979 1000 2058 perituri

105 2106 219 2160 amore,
242 2082 418 2163 desperatio,
446 2081 507 2164 ipse
529 2097 613 2164 quum
633 2077 768 2164 perfidam
789 2085 882 2140 tamen
905 2079 998 2159 Lyco·

103 2189 149 2248 rin
172 2189 263 2246 hieme
280 2187 340 2266 jam
362 2182 430 2244 anni
450 2179 803 2242 hccxvl-ltecxvu
816 2201 851 2242 eo
864 2181 997 2254 carmine,
1090 2214 1093 2220 ·
1179 2155 1184 2162 ”

53 2313 55 2322 ’
106 2312 144 2352 ex
167 2309 223 2370 quo
243 2307 344 2350 versus
366 2277 503 2366 Virgilius
522 2293 644 2363 quotuor
664 2289 789 2346 46-49
811 2283 919 2361 reoepit
939 2283 997 2361 ple·
1116 2291 1119 2299 “

105 2414 161 2453 nos
183 2390 304 2462 ardoris,
327 2395 356 2448 et
376 2393 443 2468 past
462 2393 584 2466 quatuor
594 2383 674 2444 libris
685 2383 842 2466 elegiarum
853 2381 997 2444 celebrare
1028 2382 1042 2421 ·'

105 2493 247 2577 potnerit,
277 2489 389 2572 postico
414 2489 521 2572 magis,
550 2507 631 2568 quam
654 2486 731 2548 serio
757 2491 787 2547 et
812 2485 848 2545 ad
875 2483 994 2559 literam,

105 2595 293 2678 intelligenda
314 2592 380 2656 erit.

423 2757 683 2768 ——nn—-t

387 3015 715 3076 Aoootatm

193 3195 296 3252 1-8.
338 3185 429 3246 Unum
453 3183 571 3262 insuper
591 3177 847 3261 pastorinanum,
872 3177 993 3241 eandida
1053 3222 1054 3226 ,

10 3293 12 3302 ’
104 3293 241 3372 Nympha,
263 3308 336 3370 qnae
357 3286 516 3348 Theocrito
538 3281 647 3343 animos
666 3279 820 3361 inspirasti,
841 3299 893 3361 pro
906 3279 991 3340 Gallo

104 3415 168 3454 meo
197 3393 262 3452 mihi
288 3389 410 3473 largire:
443 3388 472 3447 in
499 3391 622 3468 spretum
643 3381 704 3459 ejus
725 3401 847 3442 amorem
868 3399 990 3454 oarmen,

10 3539 11 3594 p
104 3496 188 3576 quale
209 3492 350 3573 cupiebat,
371 3491 438 3552 mitt
459 3495 489 3550 et
509 3493 693 3562 mansuetum,
714 3478 991 3628 qnodipdlhymrh
1045 3500 1048 3506 ¹
