2414 3978
438 257 594 317 ECLOGA
615 258 666 332 ΙΧ,
688 265 805 322 7-10.
1001 270 1069 334 165

181 424 409 497 collocationem,
433 432 463 484 et
482 437 612 497 verrat,
635 427 710 504 quod
731 427 859 505 proxime
881 429 971 502 abest,
992 451 1068 490 eor·

180 538 234 586 tat
252 528 331 609 lego,
354 527 429 606 quod
451 525 513 586 fere
535 547 646 606 semper
667 527 816 587 scribendo
835 537 995 608 corruptum
1013 539 1066 592 est.

180 629 318 688 Mittere
345 647 397 706 pro
411 629 513 701 ferre
535 629 589 702 ΙΙΙ,
621 637 673 690 71.
717 630 826 694 Quodsi
845 627 962 702 haedi,
992 633 1068 709 qnod

113 760 119 766 ·
180 728 243 788 fleri
263 729 389 788 *solebat
416 730 455 800 V,
492 737 545 800 12,
574 731 810 810 ‘turgescentibus
837 731 970 812 virgultis
998 732 1067 790 editi

141 853 144 862 ·
178 828 308 901 linerent,
340 834 415 889 nude
448 830 524 890 airon
556 833 707 890 solstitium
741 853 768 893 v.
801 839 842 892 60
870 834 929 912 jam
958 831 1067 910 depulsi

179 937 277 1001 eraut,
310 936 340 988 et
360 931 410 1010 ogi
433 937 574 1010 poterant.
616 933 653 990 ΙΙΙ
675 953 758 1004 vero,
780 953 851 1011 quos
873 933 979 992 llloeris
1001 953 1066 1012 pcr-

57 1068 61 1074 -
180 1036 223 1092 tat
244 1049 272 1090 v.
294 1037 351 1104 ot,
379 1033 460 1090 ambo
482 1033 601 1092 serotini
623 1035 823 1108 esse-debent«

265 1139 379 1193 7-10.
424 1133 518 1198 euidt
555 1134 684 1193 dominos
711 1141 822 1193 vestros
849 1136 1066 1214 esse-ejectosl

180 1231 292 1290 Tamen
324 1253 381 1312 ego
410 1253 447 1292 ex
474 1235 594 1315 paganis
621 1235 724 1296 vestris
746 1235 931 1314 affirmantem
953 1237 1068 1294 aedre-
1173 1289 1178 1293 .

181 1353 270 1406 rem,
300 1342 423 1396 vestrum
451 1337 648 1408 Menalcan,
670 1338 804 1416 juvenem
828 1336 990 1418 Virgilium,
1018 1335 1066 1414 qui

180 1453 303 1494 carmen
320 1457 410 1515 nuper
434 1437 465 1495 iu
487 1444 604 1496 mortem
627 1439 783 1517 Daphnidis
803 1439 897 1500 verbis
918 1439 1067 1497 Menalcas

180 1541 237 1596 tam
265 1538 423 1601 miserabile
450 1540 607 1612 cecinerat,
639 1536 731 1600 totum
757 1539 873 1598 fundum
894 1546 979 1599 cantu
1001 1558 1065 1609 suo,

179 1657 197 1696 a
222 1639 297 1700 clivo
322 1641 358 1698 nd
386 1640 520 1700 Mincium
547 1649 577 1699 et
604 1648 717 1702 veteres
738 1621 825 1722 fagos
846 1661 950 1719 usque,
984 1639 1065 1700 vobis

139 1745 141 1750 ’
178 1757 318 1800 senusse.
336 1773 377 1786 -
395 1743 459 1800 Non
481 1749 587 1800 temere
608 1743 784 1800 commissum
806 1761 869 1800 esse
890 1741 1011 1811 videtur,
1033 1747 1066 1800 ut

178 1840 401 1920 terminos'ngri
423 1841 534 1919 paterni
551 1835 693 1920 'Virgilius
715 1861 762 1900 err
782 1847 903 1900 victorie
922 1845 1067 1915 peritum

179 1939 324 1999 declarare
346 1938 457 2000 iecerit.
501 1941 572 1998 Nam
594 1960 666 2022 ager
687 1941 714 1998 ei
734 1939 844 1999 etiarnsi
858 1940 1067 2012 restitueretur,

178 2039 282 2100 limites
303 2047 381 2100 certe
404 2049 556 2102 veteranus
578 2042 700 2113 vicium,
728 2041 776 2121 qui
796 2042 947 2120 irruperat,
970 2041 997 2099 ei
1019 2060 1067 2098 oo-

179 2148 291 2202 arctare
329 2151 450 2222 poterat.
494 2146 613 2204 Veteres
649 2143 833 2204 Grammatici
862 2143 919 2202 litis
946 2141 1066 2202 mentio-

179 2263 242 2316 nem
270 2243 379 2304 fuciunt
407 2247 442 2304 de
462 2245 566 2304 linibus
589 2253 708 2304 exortae
729 2245 805 2304 inter
827 2227 990 2324 Virgilium,
1018 2263 1066 2304 cu·

175 2347 224 2426 jus
253 2365 326 2426 agro
354 2351 411 2403 tun
438 2347 529 2404 adbuc
551 2346 689 2406 divisores
711 2351 912 2424 pepercerunt,
942 2351 971 2404 et
991 2343 1066 2402 inter

179 2447 325 2526 proximos
347 2446 465 2506 accolas
481 2446 648 2506 bellicosos:
672 2447 755 2506 unius
777 2465 883 2517 corum,
906 2444 999 2504 clodii
1015 2465 1067 2504 no·

179 2547 268 2618 mine,
297 2545 345 2624 qui
370 2548 469 2628 gladio
492 2569 550 2607 rem
572 2549 741 2607 diremturus
763 2553 840 2619 orat,
868 2539 960 2626 spisse
980 2552 1067 2626 atquc

180 2648 228 2708 six
251 2653 362 2726 potitam
384 2649 438 2710 vim
461 2649 607 2731 effugisse.
652 2649 765 2732 Virgilii
782 2669 863 2730 ager,
886 2649 960 2727 quod
978 2648 1067 2728 primo

179 2750 281 2830 ecloga
313 2772 340 2812 v.
373 2756 498 2814 49-58
526 2753 666 2824 declarat,
700 2772 717 2811 a
748 2751 863 2830 rupibus
890 2750 1067 2810 silvestribus

178 2851 301 2910 molliter
328 2853 444 2926 declivis
466 2834 507 2912 'nd
533 2861 616 2931 prata
642 2853 777 2930 palustris
799 2860 828 2910 et
849 2836 878 2908 ln
900 2851 991 2908 lacum
1012 2849 1084 2908 dil-¹

178 2951 234 3012 insi
262 2950 360 3010 Mincii
387 2953 610 3030 deprimebatur:
643 2954 691 3012 ubi
718 2953 802 3011 unius
829 2952 943 3010 aecolne
965 2952 1067 3012 limites

177 3054 243 3116 viva
264 3071 333 3132 sepe
354 3053 486 3124 salicum,
509 3052 641 3124 alterius,
664 3054 738 3132 quod
760 3053 805 3112 hic
827 3061 959 3131 apparet,
982 3067 1067 3116 eete-

179 3157 273 3214 rides
297 3157 403 3233 fugis
436 3155 668 3236 designabantur.
713 3155 766 3214 flia
793 3154 904 3233 quidem
932 3157 1068 3216 terminus

178 3257 316 3316 incertior
337 3256 422 3316 facile
442 3263 645 3318 controversus
667 3277 732 3317 esse
753 3257 886 3336 potuerit,
909 3245 1003 3335 itaque
1026 3258 1067 3317 di·

179 3357 296 3438 ligentis
318 3359 416 3419 iudicii
437 3379 551 3419 cansam
573 3359 693 3420 dedisse.
735 3359 791 3439 Alii
804 3364 897 3429 erant,
919 3359 966 3436 qui
978 3379 1068 3440 agros

181 3466 403 3524 terminarent
427 3479 495 3522 suos
522 3461 576 3521 Lb.
605 3462 631 3520 ΙΙ
637 3505 648 3538 ,
679 3468 740 3524 389
763 3459 908 3521 ordinibus
930 3459 1068 3539 pinorum,
