2446 3972
372 233 529 296 nouom
550 234 624 306 uu,
646 187 782 298 ἰθ-75.
813 193 816 197 ’
953 243 1022 306 raa

126 405 172 466 Ad
193 423 306 465 carmen
328 403 412 464 lanae
434 402 603 484 defigendae
624 402 927 483 turbinempersatum
946 425 1020 479 esse,

127 507 269 568 Martialis
291 512 414 566 testatur
434 505 492 577 lX,
515 513 571 565 302

229 643 262 654 —
279 643 314 654 -
330 642 365 652 -
382 610 535 666 Thessalico
552 613 640 688 lunam
657 611 785 666 deducere
801 612 919 664 rhombo.

132 711 187 770 Vix
213 713 268 770 boc
293 710 323 769 in
350 710 414 768 loco
441 709 477 768 de
508 705 706 770 Thessalica
732 715 795 767 arte
824 708 962 788 Virgilius
984 709 1021 768 si·
1055 775 1057 780 ¹
1104 727 1112 734 ·

130 813 230 898 luerit,
259 811 315 870 nisi
342 810 387 868 bic
415 810 571 871 devorandi
593 809 738 890 negotium
760 809 789 868 in
811 810 872 888 ipsu
894 811 1022 870 Thessa·

129 915 167 974 lia
186 919 342 995 ageretur.
395 911 498 971 Lanu
525 910 683 981 lariuutn,
717 912 848 989 quoniam
870 932 926 970 noo
950 913 1040 986 Dea,

129 1017 180 1076 scd
212 1019 303 1093 ipsam
330 1014 408 1073 sidus
435 1010 614 1093 intelligitur.
657 1013 704 1072 Ex
731 1012 859 1090 Odyssea
886 1014 1024 1089 nouimus,

129 1118 159 1177 in
173 1118 271 1175 Aeaea
292 1114 385 1175 insula
405 1115 457 1174 sub
480 1113 661 1173 Occidentem
681 1112 812 1179 fabulosa
833 1116 927 1174 socios
941 1118 1024 1193 Ulys-

9 1241 10 1244 “
129 1218 171 1277 sis
193 1218 296 1276 Circen
319 1215 492 1287 Colchicam,
520 1215 605 1274 filiam
627 1215 718 1286 Solis,
741 1223 882 1278 venenato
904 1225 974 1296 pota
994 1225 1025 1276 et

130 1319 190 1378 ictu
218 1319 319 1399 virgae
345 1318 475 1400 maginae
494 1318 525 1376 ia
548 1317 655 1376 bestias
676 1315 904 1378 transformasse.
952 1319 1025 1379 Illa·-

131 1440 214 1492 oeec,
237 1429 320 1480 uetus
342 1421 476 1479 ltalorum
499 1419 693 1499 pronuntiatio
715 1441 767 1498 pro
794 1417 971 1499 Odascceuc,
994 1421 1024 1480 in

132 1523 225 1582 altero
253 1541 321 1606 casu
354 1525 455 1582 olims·
477 1521 538 1583 sive
564 1521 685 1582 Ula'aeec'
706 1520 861 1582 dicebatur.
904 1524 967 1582 dom
990 1523 1026 1582 ab

133 1623 334 1703 antiquissimis
367 1622 515 1696 veneticis,
555 1624 629 1702 quod
663 1624 822 1683 Bucbartus
855 1625 949 1684 multis
977 1627 1026 1685 de-

134 1733 288 1798 monstrat,
312 1745 444 1802 angues
465 1731 495 1782 et
519 1719 666 1786 Calaber
687 1725 792 1799 Aaptc
814 1726 1025 1805 mitigabantur,

134 1827 333 1916 sopiebantur,
357 1844 467 1885 verreoo
489 1825 686 1903 privabantur,
709 1827 960 1901 protrahebantur,
983 1827 1028 1885 fu·

134 1928 293 2008 gelantur,
319 1925 348 1983 in
377 1941 462 1983 cursu
489 1923 676 1994 sistebantur,
704 1923 808 2002 torpidi
829 1926 1029 1986 sternebantur
1099 2004 1100 2007 Ἴ

134 2036 186 2089 aut
212 2027 254 2086 ita
281 2027 475 2107 angebantur,
507 2032 539 2084 ut
565 2043 668 2104 corpus
689 2024 724 2083 iis
745 2031 796 2084 aut
817 2026 918 2085 collum
940 2047 1028 2088 rour-
1111 2095 1114 2102 ¹

132 2143 289 2209 peream,
327 2134 357 2188 et
385 2133 538 2214 recantata
568 2127 661 2188 frusta
687 2127 812 2200 coirent3
843 2128 898 2188 nisi
919 2130 1030 2190 scilicet

135 2251 232 2292 aurem
263 2251 342 2290 suam
374 2229 439 2289 voci
470 2227 614 2289 veneticae
643 2229 839 2288 occluderent·
852 2239 901 2288 aut
928 2240 1030 2292 contra

135 2332 291 2416 stridentes
323 2331 559 2389 incantamentum
592 2328 724 2388 facerent
749 2329 869 2390 irritum.
911 2329 1029 2411 Frigi-

136 2437 200 2506 dus
220 2432 331 2512 frigore
353 2430 474 2490 naturali
494 2430 549 2500 ΙΙΙ,
572 2438 623 2490 93.

222 2536 358 2595 73-75.
401 2531 483 2611 Papa
510 2531 601 2591 ternis
628 2529 683 2591 tilis
713 2531 840 2592 liciorum
870 2534 960 2596 tribus
981 2556 1030 2610 ca,-

104 2625 105 2630 ¹
136 2636 244 2696 loribus
266 2635 385 2696 diversis
407 2655 434 2694 a·
447 2654 532 2715 maga
554 2633 781 2715 circumligatur,
809 2643 839 2696 et
860 2645 904 2696 ter
925 2639 1030 2700 circum

137 2759 215 2800 aram
242 2737 362 2798 ducitur.
385 2771 418 2784 -
447 2736 521 2796 l‘ost
547 2757 574 2798 v.
597 2744 636 2797 ΙΙ
660 2736 688 2794 in
712 2735 860 2797 Hutnicusi
884 2740 913 2799 C
931 2748 1030 2800 uersus

137 2847 295 2918 sequuntur
321 2847 461 2909 91-93,
489 2857 655 2916 quamquam
681 2838 756 2898 infra
783 2858 836 2896 suu
862 2841 926 2899 loco
947 2841 1031 2899 iidem

26 2947 30 2954 '
137 2943 273 3011 redeunt,
305 2944 335 2997 et
362 2959 389 2999 v.
419 2945 460 3000 76
490 2938 580 2997 deest.
623 2937 767 2996 Proximis
787 2939 885 2998 incisis
905 2940 1032 3022 Amaryl.
1129 3011 1133 3019 .

139 3043 197 3102 lida
218 3059 330 3121 quoque
352 3060 378 3100 v.
402 3047 443 3101 77
465 3039 622 3116 reperimus
643 3036 758 3115 aliquid,
781 3039 856 3116 quod
877 3041 1033 3121 Daphnidis

141 3144 263 3223 speciem
291 3142 390 3212 babet,
421 3139 577 3219 triplicibus
603 3139 660 3198 tilis
686 3146 731 3198 ter
752 3139 1032 3216 circumvolventen3

141 3252 172 3305 et
192 3266 219 3305 v.
243 3251 285 3305 80
305 3243 488 3324 argillaoeom
511 3260 612 3322 papam
633 3248 663 3301 et
684 3262 803 3314 ceream,
826 3251 973 3323 utramque
991 3247 1034 3304 ni-

141 3345 241 3404 mirum
268 3344 393 3425 effigiem
414 3343 586 3424 Daphnidis,
613 3344 642 3402 in
663 3342 773 3404 flamma
794 3365 862 3406 arae
883 3347 1033 3426 repositas.

140 3447 240 3505 Utram
273 3465 358 3528 noga
383 3465 459 3508 nuuc
485 3446 679 3526 circumligat!
714 3447 786 3506 Nibil
815 3454 869 3520 est,
896 3448 970 3525 quod
997 3449 1034 3509 ad
1078 3495 1081 3498 .
