2414 3978
214 249 278 344 still
473 235 629 296 schoah
650 233 695 307 X,
718 239 853 295 danao.
896 179 899 194 Ι

216 405 520 486 TarquiniusPriscna
542 404 571 464 in
584 401 728 484 Capitolio
750 403 863 485 signum
883 412 1117 477 consecraverat,

216 509 307 590 quod,
334 507 466 587 quoniam
487 504 574 566 fictile
595 511 676 577 erat,
698 507 841 564 Censores
862 509 892 563 et
912 523 1015 563 munus
1036 526 1117 566 suum

216 611 348 670 incuntes
377 616 407 669 et
434 607 531 667 dicbus
552 605 636 667 lestis
657 608 864 667 mtmiamdsm
884 605 1019 666 locabant
1041 608 1117 667 Plin.

217 711 355 785 XXXIII,
379 717 430 772 36.
451 707 574 780 XXXV,
597 713 654 782 453
676 708 721 767 oui
745 706 834 767 cidem
856 706 989 766 relationi
1001 707 1116 766 Plutar-

218 815 288 874 chus
308 811 418 872 addidit
439 831 493 891 pac.
516 831 595 870 rou.
618 817 674 884 98,
702 810 788 891 signa
814 809 930 868 deorum
958 809 1116 889 antiquitus

216 915 305 978 rubro
335 913 412 994 picta
437 911 537 972 finisse.
580 910 638 991 Ipsi
662 910 808 992 agricolae
834 908 863 969 in
889 910 1114 970 bacchanalibus

219 1037 272 1077 ora
293 1035 346 1075 sua
366 1013 510 1086 locabant,
533 1010 762 1092 quemadmodum
783 1009 910 1072 faecibus
931 1011 990 1073 vini
1010 1011 1065 1072 Lb.
1077 1013 1113 1086 Il,

220 1124 293 1188 380,
315 1117 359 1176 ita
380 1115 466 1174 minio
489 1133 696 1193 nonnumquam
718 1113 787 1172 Tib.
810 1114 846 1187 lI,
871 1121 899 1184 1,
923 1116 974 1176 55.
998 1113 1114 1173 Trium-

218 1219 338 1299 pbantea
358 1237 479 1297 quoque,
501 1216 652 1276 secundum
674 1213 804 1286 Plinium,
827 1214 990 1274 nominatim
1011 1215 1114 1274 Camll-

219 1321 274 1392 lua,
296 1318 381 1379 minio
404 1320 469 1377 oIIm
490 1319 685 1400 fingebantur,
708 1323 737 1376 et
757 1323 905 1397 unguenta
926 1335 1037 1396 semper
1047 1337 1115 1376 coe·

219 1440 275 1481 uae
296 1420 471 1499 triumphalis
491 1419 682 1478 miscebantur
702 1417 798 1478 minio.
840 1417 995 1491 malm,
1018 1419 1115 1476 Saso·

220 1521 322 1580 duem
343 1521 474 1591 ebalus,
506 1521 604 1598 planta
632 1525 676 1580 est
696 1519 830 1586 sambuco
851 1519 963 1591 similis,
990 1539 1066 1599 quae
1085 1519 1115 1578 in

221 1622 348 1682 caulibus
376 1620 525 1679 humilibus
551 1619 622 1680 folia
644 1621 738 1702 longa
763 1629 793 1680 et
814 1619 910 1694 fusca,
940 1628 1115 1701 etsupcrne

220 1723 371 1802 corymbos
397 1720 497 1780 darum
525 1730 556 1780 et
577 1721 724 1783 baccorum
747 1724 844 1782 colore
864 1700 1026 1804 mauguinum
1048 1722 1115 1783 lert.

219 1824 372 1896 Baccae,
399 1823 499 1904 quibus
520 1823 582 1883 Pan
605 1844 638 1883 oa
660 1823 714 1884 sibi
736 1823 899 1896 lucaverat,
921 1809 1115 1904 proximi'an·

219 1926 341 2008 perionis
368 1926 435 1985 anni
461 1932 551 1986 mne,
581 1927 740 2000 Miletum,
776 1927 890 1988 verbum
917 1926 1111 2007 Hispanicum,

219 2027 397 2089 mundare·
424 2033 487 2086 erat
513 2031 676 2099 medvana,
706 2047 802 2109 genus
829 2029 969 2106 quoddam
990 2029 1046 2090 rivi
1066 2049 1114 2086 ar·

220 2129 318 2211 genti,
338 2127 419 2190 venia
440 2127 599 2208 sulphureis
619 2129 797 2208 permixtum.
839 2129 959 2199 Graeci,
980 2129 1027 2208 qui
1047 2148 1113 2188 sae-

220 2229 292 2291 culis
313 2229 342 2290 id
363 2235 428 2310 post
448 2229 599 2290 Homerum
621 2237 771 2306 nloverunt,
793 2223 910 2308 ἅμμιον
930 2231 960 2290 id
967 2273 976 2303 ,
997 2249 1113 2290 arenam

220 2333 385 2404 rubenlan,
405 2332 611 2406 nominabant,
625 2338 655 2392 et
675 2333 778 2418 partim
799 2331 912 2392 nomine
932 2351 1045 2412 quoque
1066 2333 1114 2390 ln·

206 2434 303 2512 sdIoae
324 2433 492 2506 cinnabaris,
515 2433 624 2496 fractam
645 2454 683 2494 ex
694 2433 845 2495 llracaona
856 2435 989 2496 Dracone
1011 2434 1114 2494 arbore

222 2536 331 2614 pridem
351 2535 427 2609 noti,
449 2528 628 2618 uavocissope:
662 2554 719 2614 qna
739 2555 771 2596 re
793 2536 873 2596 noxii
894 2535 1062 2596 accidebant
1083 2535 1114 2593 in

221 2633 362 2708 medicipa
384 2654 506 2694 errores.
549 2635 665 2695 Homeri
684 2635 792 2714 μίλτος
813 2643 877 2698 arat
896 2637 1027 2697 rubrica:
1056 2655 1114 2714 quo

222 2755 259 2795 ex
281 2753 389 2818 genere
410 2733 540 2814 Sinopis,
569 2755 641 2815 quae
663 2756 700 2796 cx
723 2739 903 2819 Cappadocia
924 2739 1040 2818 primum
1062 2757 1117 2818 per

222 2837 363 2919 Sinopen,
394 2841 494 2917 postea
514 2857 566 2916 per
585 2839 724 2918 Ephesios
746 2840 963 2913 dlveudebatur‚
990 2841 1116 2900 maxime

222 2948 286 3000 erat
307 2939 425 3000 celebria
445 2939 521 3000 Plio.
542 2939 679 3013 XXXIII,
702 2949 742 3002 36
765 2963 803 3002 sa.
824 2941 947 3014 XXXV,
971 2951 1022 3003 13.
1052 2944 1116 3002 Pan

223 3041 442 3120 alloquutiouem
468 3062 547 3101 suam
573 3062 703 3103 sermone
730 3043 829 3103 ebullit
855 3043 975 3103 bominis
996 3043 1115 3114 morosi,

223 3141 271 3222 qui
298 3148 328 3201 et
352 3143 414 3224 ipse
444 3143 574 3224 insuper,
603 3163 686 3224 quum
707 3143 848 3227 Syringa,
875 3145 961 3226 Pityn
985 3151 1016 3204 et
1036 3147 1117 3204 Echo

224 3250 340 3318 amaret,
357 3243 539 3304 acerbitatem
547 3244 768 3306 Amoriscaaet
780 3253 924 3328 expertus.
948 3245 1116 3306 Similitudi-

223 3373 565 3456 piumh.n.36,l,1l:
586 3381 711 3431 aonam
727 3397 812 3432 coruom
828 3385 991 3447 manento,
1018 3381 1117 3432 Icwta

223 3461 297 3522 napo
311 3469 386 3508 rasa.
