2424 3994
240 250 258 312 4
386 239 540 299 nerrecn
563 243 584 301 1.
610 248 752 316 ‘tr-sn.
974 254 1015 315 m
1116 215 1124 258 Ι

120 399 246 460 novitios
272 401 324 460 lms
346 404 511 486 magistrcs‘!
554 408 682 468 Plurima
712 411 836 490 quemvis
859 412 955 490 Tityri
978 393 1031 472 eu¹

120 501 211 580 septis
232 503 377 562 Mantuam
399 505 493 564 exiret
507 509 562 586 -pel
583 509 718 569 vitulinae
738 512 783 572 vel
805 513 928 592 agninae
950 495 1014 580 cae·
1097 520 1099 526 ’

119 609 256 681 te‘raeque
278 601 409 664 foeturae
431 595 564 686 saginata
585 609 710 683 victima,
740 611 919 692 pinguesque
938 615 1016 679 casei
1067 631 1078 646 ⁰

120 703 247 782 quamvis
268 705 383 765 venales
401 693 598 786 'premerentur
614 710 668 769 Ll.
690 712 744 782 ΙΙΙ,
767 719 844 786 4003
867 728 1015 790 numquam
1104 693 1122 758 ⁸·

85 811 89 820 '
118 805 204 883 hujus
224 805 266 864 rei
287 805 383 886 gratie
399 791 554 886 vverumque
580 812 741 888 praemium⁴
755 813 790 870 ab
811 812 880 873 urbe
902 813 929 876 ei
951 833 1014 892 per-

94 904 241 987 solutum
273 912 330 964 est:
353 907 461 978 nimius
491 909 579 980 enim,
612 931 692 990 quem
715 911 852 972 Galateae
883 912 1013 986 luxuriae

119 1005 315 1083 impendebat,
337 1014 454 1078 sumtus,
476 1014 509 1065 ut
530 1010 591 1068 siue
613 1013 732 1088 pecunia
753 1012 814 1072 lere
835 1013 946 1092 demum
967 1033 1011 1080 re-
1081 1039 1083 1043 ·

119 1107 202 1177 diret,
225 1105 329 1165 effecit.
373 1107 458 1172 eund
479 1127 561 1168 secus
583 1106 773 1169 instituerat
766 1131 794 1169 ιιι
810 1087 923 1194 Virgilii
939 1114 1011 1170 Mo-

118 1205 233 1268 retiv
258 1215 298 1268 80
320 1207 419 1266 Simuli
441 1209 628 1287 parsimonia:

142 1382 144 1396 .
186 1365 220 1374 -·
253 1366 287 1376 -
321 1366 354 1376 -
388 1367 421 1376 -
455 1341 583 1410 uenisque
600 1313 690 1393 diebus

185 1423 297 1499 Venales
314 1424 412 1474 elerum
429 1422 512 1476 fasces
529 1425 649 1492 portabat
665 1423 691 1476 in
709 1423 811 1490 urbem3

185 1506 248 1558 Inde
264 1506 381 1572 domum,
400 1507 501 1560 cervice
517 1507 599 1574 levis,
617 1509 703 1579 gravis
721 1525 796 1575 aere,
814 1510 934 1574 redibat,

140 1647 141 1650 ,
185 1588 238 1644 vix
254 1607 374 1666 umquem
392 1591 483 1665 urbani
500 1593 635 1661 comitatus
652 1607 738 1646 merce
755 1594 864 1662 macelli.

125 1711 295 1782 l'e'cttmae,
334 1711 432 1788 quitus
459 1713 555 1792 gratia
583 1709 760 1772 referebatur
786 1712 848 1772 Diis
886 1713 938 1771 lnlr.
967 1713 1008 1782 ll,

120 1817 190 1881 147,
212 1815 293 1887 pastu
315 1813 437 1888 pecudes
459 1814 568 1891 opimae
591 1820 685 1882 erant,
713 1813 783 1870 Iler.
805 1813 857 1870 (ld.
881 1813 935 1883 lll,
960 1819 1010 1880 23,

119 1921 148 1972 (Ι.
172 1911 218 1980 lV,
242 1919 276 1980 2,
292 1915 349 1972 55:
371 1912 411 1970 itu
433 1919 465 1970 ut
486 1913 560 1990 apud
581 1907 710 1984 Plautum
733 1913 854 1980 Pseud,
873 1912 945 1986 l„3,
968 1915 1008 1970 95

118 2010 167 2070 vili
199 2009 341 2084 sacrificio
358 2016 503 2072 'victima
537 2004 703 2092 apponatur.
760 2012 856 2077 Quare
888 2009 1009 2087 Tityrus

118 2111 314 2190 eliseptisees
336 2114 470 2190 pascebat
491 2114 618 2192 pascuis3
641 2133 705 2175 nam
727 2123 825 2191 septu
846 2111 1009 2191 aVarrene

119 2213 140 2283 Ι,
166 2221 204 2272 14
226 2219 256 2270 et
277 2213 358 2272 vivae
381 2220 410 2270 et
431 2232 502 2288 quae
523 2235 580 2271 nen
601 2215 700 2273 vivunt
720 2232 818 2290 sepeS,
849 2211 936 2271 terrei
957 2231 1009 2290 ag·

117 2332 204 2392 geres
226 2319 256 2370 et
276 2310 348 2366 muri
370 2310 508 2366 dicuntum.
552 2311 608 2388 lpsi
618 2316 770 2369 victimae
791 2328 875 2386 quum
891 2309 1009 2388 pingue·

116 2413 236 2472 tudinis:
247 2413 376 2486 potestas
390 2407 477 2478 insit,
496 2412 650 2486 pinguis,
674 2415 706 2466 ut
718 2409 822 2468 ·'caeeo
845 2414 1008 2468 nmamentc

115 2515 166 2582 sit,
189 2508 463 2572 reservandumest.
492 2509 687 2588 ‘Ingratum
709 2507 884 2567 maledicens
899 2509 1010 2574 incuset
1053 2500 1060 2505 ’

115 2613 214 2674 urbem'
237 2609 382 2688 pueriliter
403 2609 506 2682 iratus,
537 2610 621 2689 quasi·
639 2610 737 2672 sedule
760 2629 796 2668 ea
816 2610 937 2690 gratiam
958 2627 1007 2686 nef

117 2711 239 2795 gaverit.
283 2711 371 2770 Simul
392 2709 573 2771 confessione
589 2711 643 2774 illa.
657 2713 738 2770 Maro
749 2715 911 2780 excusatur,
934 2709 1008 2786 quod

118 2812 334 2894 prelm'Tityrn
363 2820 419 2870 tam
441 2813 489 2872 diu
515 2811 888 2879 libertatemrecusaverit,
919 2809 1009 2866 donec

118 2913 247 2974 mercede
269 2919 385 2989 accepta
407 2914 621 2972 eamvenderet.
665 2910 837 2970 Prudentius
850 2906 1008 2990 etiamtnas

119 3017 154 3074 de
181 3012 346 3092 ascriptitiis
373 3013 481 3070 celenis
514 3012 739 3080 institueremus,
770 3015 820 3078 ut,
848 3007 947 3092 magis
972 3007 1008 3072 ad

118 3115 317 3174 humanitatem
338 3111 454 3180 exculti,
475 3113 585 3188 peculio
598 3097 692 3188 alique
713 3109 864 3190 diligenter
877 3107 1008 3188 augendo

119 3215 284 3274 libertatem·
297 3218 452 3280 mererent,
481 3230 562 3288 quam
584 3217 630 3281 ut,
657 3230 713 3287 qua
733 3210 803 3270 lacti
824 3215 891 3268 suut
910 3226 1009 3291 perpe-

120 3316 175 3374 tuis
198 3312 374 3373 contumeliis
395 3311 512 3392 pigritia
532 3318 562 3372 et
581 3309 698 3384 inertia,
727 3312 762 3369 ad
784 3310 889 3388 primas
909 3325 962 3384 ees
981 3311 1010 3363 et

122 3414 245 3474 infirmas
267 3411 477 3472 detruderemus
499 3432 597 3472 rerum·
612 3414 792 3476 humanarum
814 3397 949 3487 originem
