2394 3980
180 219 272 328 ω’
431 251 585 314 noricos
606 251 653 311 vr.
679 256 901 342 sr-m..¹
999 257 1002 262 ·

183 423 251 482 tidis
270 420 446 498 corpusculis
467 440 559 491 mare,
586 426 636 478 atr
656 427 685 478 et
705 419 802 478 estber
823 422 1001 490 manserunt,
1025 419 1070 477 la-

183 523 307 585 vioribns
329 521 484 600 quibusque
505 521 683 602 grauioribus
702 519 849 599 impositis,
871 537 955 596 quum
970 519 1070 578 aether

185 623 349 704 purissimus
381 622 594 700 levissimasque
619 629 699 682 certo
727 629 805 684 motu
832 639 916 698 supra
943 619 1072 698 incertas

130 704 133 716 ¹
185 731 366 804 tempestates
395 723 529 802 spirantis
555 743 641 784 aurae
664 721 775 782 flueret.
817 722 962 794 Nereus,
992 720 1069 781 filius

185 825 300 897 Ponti,
329 823 390 886 sive
412 805 549 886 cassinae
569 825 668 896 maris,
691 832 721 884 et
742 821 852 896 Γαίας,
884 831 978 884 terrae
1000 823 1068 880 soli·

185 928 255 998 due,
287 927 443 1006 imperabat
472 947 534 986 cum
554 925 758 1006 quinquaginta
779 923 904 996 filiabus,
938 924 1069 984 Nereidi·

186 1028 252 1099 bus,
285 1028 355 1088 mari
377 1027 596 1099 mediterraneo,
629 1028 704 1106 quod
725 1024 925 1104 antiquissimis
947 1025 1068 1086 Graecis

186 1129 348 1207 depressam
374 1130 451 1190 orbis
478 1129 621 1189 terrestris
641 1128 797 1188 umbilicum
819 1127 934 1206 explere
954 1127 1068 1188 videba-

186 1237 243 1290 tur.
287 1231 331 1290 De
356 1231 425 1302 diis,
455 1233 504 1321 qui
530 1233 567 1290 ad
593 1237 685 1292 act'um
713 1236 807 1290 terrae
833 1229 997 1288 formandae
1018 1230 1069 1288 ad-

186 1330 276 1392 fuisse
302 1333 331 1392 iu
358 1331 460 1392 fabulis
481 1333 624 1403 dicantur,
655 1353 682 1392 v.
710 1331 776 1407 Ep.
798 1328 905 1410 Myro.
928 1331 954 1402 l,
982 1340 1015 1403 35
1037 1352 1069 1409 p.

190 1411 281 1494 13'-
295 1441 344 1494 17.
393 1433 511 1492 veroum
535 1433 680 1511 poenum
707 1435 896 1493 auersam
922 1431 1069 1513 vaporus,

187 1534 267 1613 cujus
297 1535 339 1592 rei
365 1534 526 1593 Macrobius
550 1536 736 1602 [Samuel.
767 1533 821 1605 VJ,
844 1541 886 1606 4.]
910 1534 992 1594 testis
1011 1541 1069 1606 est,

187 1655 206 1694 a
219 1635 355 1694 Lucretio
379 1636 410 1708 V,
434 1641 505 1696 439.
527 1635 652 1714 petebat.
693 1635 835 1695 Formae
856 1655 977 1706 rerum,
1000 1655 1068 1694 cou-

69 1811 72 1816 1
187 1735 319 1796 farmotin
347 1743 440 1796 terrae
468 1737 638 1796 continentis
665 1738 702 1796 ud
722 1757 822 1798 curras
845 1757 926 1809 oras,
949 1745 1070 1810 mentes,

187 1839 284 1909 valles,
305 1836 418 1899 flumine
440 1839 614 1914 delabentia3
636 1839 686 1898 sed
708 1839 791 1898 nullis
812 1839 896 1898 etiam
917 1847 974 1899 tum
988 1839 1069 1918 plau-

187 1939 225 2000 ῆι
246 1948 276 1999 et
295 1940 493 2000 animantibus.

206 2025 209 2030 ’
272 2047 429 2102 37-40.
472 2042 568 2100 Terra
600 2041 683 2100 etio-
717 2047 775 2100 tum
805 2048 887 2102 vasto
912 2047 943 2100 et
968 2060 1069 2114 rama,

187 2141 292 2200 crassis
317 2141 468 2219 vaporibus
493 2147 544 2200 adr
571 2142 700 2221 impletus
720 2148 791 2210 erut.
834 2143 923 2201 Ecce!
950 2148 1071 2222 repente

170 2238 262 2324 .(rem
284 2261 373 2322 paene
395 2243 511 2304 dicendo
534 2244 622 2302 oculis
639 2251 724 2322 poeto
738 2241 874 2324 subjicit),
896 2244 971 2321 quod
986 2243 1070 2322 quasi

122 2334 136 2365 ⁸
188 2364 273 2406 seusu
307 2365 399 2406 rerum
432 2353 533 2406 natura
565 2347 687 2405 animato
719 2345 851 2416 miratur,
886 2364 989 2404 nouus
1017 2347 1075 2405 rel

187 2447 336 2527 splendore
357 2447 410 2506 suo
432 2467 469 2506 ex
491 2447 592 2506 nebula
613 2449 690 2520 exit3
713 2455 742 2507 et
762 2447 884 2507 credula
903 2451 940 2506 s'a
962 2449 1069 2507 altmar

188 2550 281 2608 elata
308 2553 337 2605 et
362 2547 392 2604 in
417 2547 518 2606 samber
545 2556 658 2618 coacta,
687 2557 832 2626 postquam
852 2551 971 2624 pluuia
992 2547 1071 2608 lactu

188 2653 247 2716 est,
290 2653 394 2704 terram
428 2647 555 2706 siccitate
588 2647 749 2707 adstrictam
783 2649 878 2729 tingit.
942 2650 1070 2708 Nebulae

187 2747 414 2826 quemadmodum
431 2748 565 2806 deciduae
582 2749 750 2808 bilaritatem
767 2749 862 2809 ferunt
879 2751 933 2808 Lb.
951 2752 974 2822 l,
996 2759 1070 2823 401,

185 2850 227 2910 ite
248 2847 425 2912 remorae
446 2849 475 2908 in
497 2850 617 2930 pluvium
638 2860 723 2911 vento
746 2859 775 2910 et
796 2825 856 2910 icle
877 2851 1071 2912 dissolvuntur

185 2953 271 3014 Lacr.
294 2953 347 3024 Vl,
376 2959 446 3014 513.
489 2954 585 3013 Novus
607 2953 649 3010 sol
672 2974 743 3028 non,
772 2954 819 3031 qui
840 2951 964 3031 quotidie
985 2973 1070 3013 reno·

185 3060 283 3126 venir,
305 3062 349 3112 e‘st
368 3055 423 3114 Lb.
445 3056 472 3128 1,
497 3063 572 3126 249,
595 3056 702 3132 qualem
725 3074 787 3114 esse
809 3055 946 3133 Epicurus
968 3059 1069 3116 narra

186 3154 235 3216 liat
266 3155 357 3234 magis
390 3175 470 3233 qnam
499 3156 641 3216 credebat.
694 3158 740 3214 Ex
756 3165 761 3170 “
776 3164 869 3215 terrae
896 3157 957 3214 solo
986 3177 1069 3236 prae-

186 3263 303 3341 guante‚
325 3255 450 3333 primum,
472 3257 566 3334 pluvia
582 3258 813 3329 etsoleelicitae‚
831 3239 974 3335 plantae
986 3257 1068 3331 liunt,

186 3360 306 3430 berbae,
327 3355 445 3416 frutices
464 3365 495 3416 et
516 3339 646 3431 arbores,
668 3360 757 3418 denso
778 3357 857 3418 foetu
880 3368 1069 3440 erumpentes,

188 3465 313 3531 silem
347 3465 446 3537 postea
473 3465 640 3534 spirantes
661 3464 808 3532 anim,
835 3450 944 3522 bestiae
965 3470 996 3522 et
1017 3463 1067 3520 bc-
