2394 3980
368 250 521 312 ueuoon
542 251 588 312 u.
616 259 759 314 er-eo,
959 263 1004 328 aa

126 425 252 498 tempora
277 417 390 480 beroien
415 440 505 498 usqne
526 409 662 481 habuerit
705 420 833 487 Quatuor
853 421 1004 482 elemento·

128 539 187 578 rum
214 519 364 598 primordia
384 528 487 580 coeunt
507 527 538 580 et
557 527 741 600 componunt,
767 521 875 581 leviora
895 522 1003 600 quidem

127 627 219 678 aerem
240 628 269 680 et
289 622 414 694 aethera,
436 624 570 703 graviora
594 629 694 681 tarra·
717 629 746 681 et
767 641 843 681 mare
865 629 1004 696 31-363

90 743 93 754 ¹
126 721 187 780 nole
216 729 244 780 et
273 723 366 801 pluuia
393 724 505 803 plantae
532 730 562 783 et
587 724 741 783 animante·
762 722 834 781 fiunt
855 727 1004 795 37-403

124 821 200 884 vices
222 831 344 882 aetatum
366 825 538 894 terrestrium
560 845 648 904 usque
666 825 701 884 a'd
718 824 846 884 diluvium
864 829 1006 896 etr-423

125 931 252 1002 tempora
283 925 412 996 heroica,
447 926 631 1006 Argonautae
664 933 704 987 43
719 959 759 971 -
774 931 830 1000 443
865 924 1005 1004 Pariplrae

124 1029 164 1109 45
177 1057 220 1070 -
233 1033 288 1098 6ος
317 1026 390 1085 mala
410 1026 593 1104 Hesperidum
615 1033 671 1098 613
692 1027 820 1085 phaeton
842 1033 881 1086 62
894 1059 934 1071 -
949 1032 1005 1096 633

123 1145 223 1184 neruus
245 1127 386 1203 Gryneum
409 1133 569 1199 64-733
591 1111 687 1205 Scylla
707 1133 855 1188 ner-77
860 1149 869 1198 3
892 1127 1005 1186 Terens

122 1234 152 1286 et
174 1227 331 1286 Philomela
351 1237 391 1290 78
404 1261 444 1276 -—
458 1213 516 1289 81}

122 1375 125 1382 ,
209 1336 355 1390 31-36.
398 1331 534 1406 Syronem
562 1329 727 1408 Epicureum
748 1327 896 1410 Virgilium
918 1346 1006 1406 aeque

40 1425 42 1428 ’
121 1451 156 1490 ac
177 1429 282 1489 Varum
303 1431 425 1502 audisne,
447 1451 482 1492 ea
497 1451 545 1491 res
561 1452 579 1491 a
595 1431 724 1500 Donato,
747 1431 848 1491 Servio
867 1430 1006 1504 etPhoee

122 1551 217 1592 eoram
244 1533 406 1610 aequalibus
435 1533 517 1612 plane
542 1531 662 1592 inveniri
693 1552 749 1590 non
770 1532 862 1613 magia
884 1537 1004 1611 poterat,

120 1653 204 1712 quam
224 1633 354 1712 alioquin
381 1643 478 1727 parum
505 1633 702 1712 perspicimus,
736 1634 802 1712 quid
833 1629 936 1692 caueae
957 1631 1004 1705 nit,

14 1727 17 1743 ¹
121 1755 172 1794 etur
202 1735 239 1794 ab
266 1725 412 1812 Epicureis
440 1735 561 1794 decretis
587 1753 698 1794 carmen
725 1735 838 1792 ordiens
865 1734 941 1792 Varo
963 1733 1005 1791 in·

121 1836 256 1915 scriptum
272 1834 368 1897 fuerit.
412 1836 529 1912 Servius
545 1855 580 1894 ea
596 1834 766 1892 auctoritate
783 1831 906 1892 conflens
922 1833 1005 1892 eliam

120 1939 195 1996 banc
216 1936 312 1994 miram
333 1935 497 2016 allegoriam
519 1953 676 2014 proponere
697 1953 783 1992 auena
799 1940 858 1991 ert:
881 1932 1005 1993 Silenum
1022 1953 1025 1962 ’

120 2058 187 2098 esee
208 2038 362 2116 Syroncm,
384 2037 516 2122 Chromin
539 2043 569 2096 et
588 2014 747 2113 Mnasylirm
768 2041 879 2114 poetam
901 2041 931 2094 et
949 2034 1005 2110 lla·
1071 2085 1079 2100 ,

7 2175 8 2210 r
121 2159 198 2213 rum3
238 2140 383 2217 nympham
420 2148 513 2199 autem
549 2137 793 2216 supervenientem
826 2142 1005 2215 praeceptum
1054 2161 1058 2176 ·

120 2241 290 2320 Epicureum
311 2247 540 2317 repraesentare:
563 2239 602 2297 nil
623 2239 684 2297 eine
706 2238 850 2314 voluptate
871 2256 1003 2298 nummum

121 2341 332 2420 perfectumque
365 2359 439 2398 ease.
481 2339 584 2397 Varum
614 2315 682 2414 qnid
713 2337 811 2396 alienia
838 2337 1004 2396 testimoniis
1052 2340 1062 2367 ¹

120 2463 194 2522 opus
216 2443 278 2499 eatl
321 2441 386 2518 lpse
408 2439 543 2520 Virgilius
564 2437 592 2496 in
616 2436 783 2508 catalectis,
814 2455 930 2514 quorum
946 2435 1004 2494 oin-

122 2562 207 2602 cerae
240 2542 360 2623 originis
393 2541 476 2600 fidem
502 2561 564 2600 cum
592 2538 788 2599 Grammaticis
815 2537 1004 2605 Quintilianus

121 2663 234 2724 quoqne
254 2651 284 2702 et
304 2645 447 2704 Ausonius
467 2643 590 2714 faciunt,
618 2634 828 2721 praeceptorem
849 2660 929 2701 auum
950 2639 1003 2717 Sy-

31 2755 34 2762 '
120 2766 218 2806 ronam
239 2746 335 2805 hudat
356 2748 422 2818 Vll,
444 2755 479 2808 8:

203 2864 267 2940 Noe¹
286 2881 322 2940 ad
343 2881 443 2939 beatos
465 2880 528 2965 vela
548 2877 681 2936 mittimus
702 2882 809 2953 portua,

203 2999 305 3081 Magni
326 3005 454 3078 petentes
476 2997 560 3055 <locta
581 2994 655 3052 dicta
676 2991 803 3069 Syronis,

206 3119 352 3196 vitamque
374 3116 409 3174 ab
431 3115 505 3174 omui
525 3111 725 3176 vindicabimus
746 3128 838 3188 cura„
926 3090 943 3204 '¹

124 3251 238 3314 llecimo
272 3251 301 3311 in
337 3249 460 3318 carmine
495 3267 605 3327 quoque
639 3247 687 3306 ad
715 3246 830 3306 uillam
861 3245 1002 3323 Syrorum

125 3344 212 3434 prope
233 3373 252 3413 a
272 3354 379 3424 Roma,
406 3352 469 3423 ubi,
496 3351 559 3408 dum
581 3349 645 3430 egri
667 3339 891 3407 describerentur
912 3345 1005 3404 militi·

125 3453 186 3526 bue,
208 3455 282 3534 qnod
302 3455 421 3525 videtur,
443 3453 508 3516 inde
529 3450 634 3514 a'vere
656 3449 721 3508 anni
741 3445 896 3508 ucexnl.
917 3461 1007 3522 unque
