2446 3972
348 250 504 311 actuum
522 248 596 322 vill,
620 257 797 318 tut-10³.
951 261 1013 326 llil

126 417 225 477 bestiis
249 415 400 477 incantatis
420 418 496 476 Plin.
517 418 595 490 vlu,
629 428 684 491 at,
713 421 748 479 dc
764 418 866 478 defixis
885 421 1015 483 litonibus

127 527 157 578 et
184 517 304 592 animis,
332 521 367 580 de
384 519 510 580 evocatis
526 520 673 601 segetibus
691 521 809 600 aliisque
825 520 916 580 turbis
931 524 1014 597 detis,

127 622 196 681 orbe
212 621 243 680 in
260 623 375 700 lluropa
391 621 426 680 ab
443 620 606 680 auctoribus
624 641 758 682 novarum
777 623 945 704 religionum
957 625 1016 682 llo·

127 722 218 784 manis
233 723 427 794 circumlatae,
450 741 511 782 oum
530 724 639 803 reliqua
655 725 772 784 cohorte
787 725 934 804 Papistica
947 743 1015 804 pau-

126 824 203 884 latim
222 843 393 885 evanescere
412 825 552 886 videatur.
595 827 732 905 imprimis
748 825 947 886 fabulabantur
963 828 1017 886 Ar·

76 985 81 994 ,
127 927 226 996 cades,
255 926 283 984 in
302 927 474 1004 pervetustis
489 928 617 991 humanis
634 928 734 987 hostiis
749 928 831 988 doris
850 928 956 1006 Lycaei
973 947 1017 987 ra·

126 1049 192 1110 gem
212 1048 267 1085 nou
285 1033 393 1086 tanturn
412 1029 600 1108 Lycaonem
615 1032 730 1102 letarum
747 1029 850 1088 factum
870 1049 943 1101 esse,
966 1030 1017 1089 aad

127 1129 201 1190 alios
224 1148 335 1207 quoquc
361 1138 426 1209 post
449 1149 512 1189 eum
534 1131 606 1189 benc
629 1131 748 1203 multos;
783 1131 844 1209 qui,
875 1131 900 1190 si
922 1132 1016 1190 decem
1083 1154 1086 1165 ‘

126 1250 219 1290 annos
236 1250 322 1290 carue
338 1231 458 1291 bumana
477 1232 670 1302 abstinebant,
693 1233 785 1290 denuo
810 1230 916 1291 [iebant
932 1231 1019 1290 bomi-

128 1351 188 1391 nes.
234 1332 413 1394 Maledictum
432 1353 544 1412 quoque
563 1334 718 1392 Romanum
737 1337 938 1408 versipellis,
961 1335 1019 1412 pel-

126 1436 182 1494 lem
215 1441 339 1506 mutnus,
380 1435 516 1502 bominem
548 1435 719 1517 designabat
745 1449 782 1495 ex
803 1437 870 1514 lupo
893 1429 1041 1495 factnmr‘

126 1527 357 1616 quemadmodum
374 1537 447 1616 apud
462 1537 627 1597 Petronium
639 1537 722 1596 LXll
738 1537 850 1616 aliquis,
873 1545 1018 1616 postquam

127 1657 190 1698 cnm
208 1639 298 1710 stellis
319 1639 452 1719 loquutus
470 1646 528 1710 est,
551 1646 646 1700 vastes
667 1639 756 1712 exuit,
779 1639 807 1697 in
830 1646 933 1698 exutas
949 1639 1019 1697 min·

129 1739 183 1821 git,
204 1747 237 1798 ut
257 1739 330 1817 lapis
349 1739 435 1808 fiant,
459 1744 489 1796 et
506 1747 625 1816 repente
645 1740 727 1816 lupus
746 1738 840 1800 factus
860 1747 889 1798 et
908 1741 1019 1800 ululans

129 1842 158 1900 in
178 1841 264 1902 silvas
283 1839 354 1910 ruit,
385 1838 520 1915 indeque,
547 1857 653 1916 pecora
669 1845 815 1914 rapturus,
838 1840 868 1896 in
886 1840 966 1898 aulas
981 1840 1020 1898 ir·

115 1940 243 2018 rumpit.
287 1938 404 1998 Animae
431 1943 604 1996 mortuorum
625 1937 653 1995 in
678 1937 792 1996 sedibus
815 1945 897 1997 erant
921 1939 1020 1998 inseris

128 2041 196 2102 llrci
205 2063 214 2114 3
242 2045 400 2121 rogaturae
416 2046 509 2099 autem
528 2046 578 2099 aut
594 2057 679 2119 mago
695 2032 888 2119 νεκρομάντει
902 2059 1020 2120 respon·

129 2163 229 2214 surae,
258 2163 295 2203 ex
316 2147 393 2202 taric
409 2138 600 2215 sepulchris
622 2141 658 2200 ud
680 2161 799 2219 superos
819 2141 1019 2202 ascendebant.

129 2247 245 2326 bingam
266 2265 344 2304 suern
365 2243 464 2302 laudat
484 2242 618 2299 Tibullus
639 2243 666 2312 l,
691 2249 724 2312 2,
746 2249 804 2302 45:

197 2379 270 2431 Haec
292 2380 368 2427 cantu
385 2373 511 2440 finditque
528 2373 628 2438 solum,
651 2373 796 2440 Manesque
812 2373 954 2441 sepulchris

285 2457 372 2521 illicit,
391 2463 418 2510 et
434 2455 522 2524 tepido
540 2457 650 2510 deuocat
666 2472 726 2508 ossa
742 2471 817 2520 rogo.

198 2546 255 2598 laur
272 2547 343 2595 terrm
358 2540 473 2594 internas
489 2541 592 2607 magico
609 2540 720 2594 stridore
737 2547 868 2596 catervas:

282 2628 338 2680 lam
352 2627 426 2693 jubet
444 2627 579 2696 adspersas
596 2628 663 2680 laete
680 2624 778 2678 reterre
794 2627 896 2694 pedem.

129 2753 266 2828 Fragor
287 2759 474 2812 crccoatarc
499 2749 575 2808 serio
596 2749 624 2806 iu
644 2748 757 2830 legibus
775 2746 920 2807 duodecim
940 2747 1021 2807 tabu·

130 2855 220 2912 lerum
241 2851 475 2921 interdicebatur,
502 2869 643 2928 saepeque
666 2851 693 2908 in
709 2849 824 2929 judiciis
844 2847 954 2908 crimini
972 2849 1022 2907 da·

131 2956 215 3014 batur
242 2952 296 3010 Lb.
324 2951 352 3020 l,
386 2957 457 3010 162.
500 2949 531 3006 ln
560 2949 709 3008 Hainiensi
741 2944 773 3010 U
798 2955 843 3006 est
868 2967 1020 3008 messem.-

133 3055 316 3115 mendumael
349 3070 385 3109 an
415 3049 493 3128 prior
514 3049 616 3127 aliquis
637 3048 791 3127 scripserat
811 3067 893 3129 eqrrc
914 3056 1022 3112 ratic?

138 3200 141 3204 -
219 3161 395 3216 tol-10³.
426 3140 591 3210 'Extremus
613 3155 733 3210 conatus
754 3148 783 3208 iu
804 3152 875 3212 dura
891 3171 1022 3231 praecor-

133 3259 181 3317 dia
206 3255 362 3335 Daphnidis
389 3252 498 3325 factus,
535 3253 583 3332 qui
609 3253 733 3312 nundum
760 3253 857 3314 uenire
883 3255 951 3315 vult.
980 3286 1020 3300 -···

134 3359 166 3417 ln
188 3377 239 3416 ara
259 3335 480 3436 primum'sacra
501 3355 627 3436 virgulta
648 3373 709 3414 cum
732 3356 828 3427 thure,
851 3363 918 3436 post
939 3375 1023 3416 cerea
1061 3416 1063 3421 .

136 3457 251 3539 effigies
277 3477 340 3518 cunr
362 3458 436 3517 mola
458 3458 547 3530 sulca,
579 3456 754 3538 germinibus
775 3440 879 3517 laureis
901 3465 930 3517 et
951 3458 1023 3518 bitu·
1059 3472 1062 3484 ¹
