2446 3972
203 229 270 290 roo
465 212 620 274 uouoon
643 189 716 288 nur,
741 217 832 273 Μ.

285 386 388 456 Pollio,
410 385 474 444 dum
495 385 523 444 in
546 383 666 442 Venetia
687 381 781 441 fuerat
803 380 885 440 nonis
906 382 1039 440 Dccxu
1063 391 1092 440 et
1203 365 1204 434 l

200 487 356 558 DCCXlll,
379 487 562 548 irnilntionem
575 507 593 544 a
605 484 725 566 l'irgilio
736 483 1091 544 Pbormnceutriue'l'beo-

200 590 307 649 criteee
324 589 454 668 petierat.
505 587 645 648 Redeunti
660 587 757 664 itaque
770 587 805 644 od
817 587 941 646 luureem
959 585 1091 664 triumpbi

200 691 265 752 duci
286 698 379 750 mente
401 698 494 768 poeto,
519 709 593 748 nune
613 689 822 768 gratulaturus,
845 689 976 768 eclogam
1000 707 1090 760 suum,

200 793 338 872 po'etiesm
361 791 442 870 quusi
464 792 584 869 aliquem
597 791 738 861 hederam,
760 790 872 850 obvium
883 789 982 848 mittit:
1006 789 1117 869 iguo--

199 914 282 964 reus,
304 914 340 952 su
370 892 398 952 in
427 914 476 950 ore
501 895 560 973 jum
586 893 700 952 Timavi
722 889 815 964 fluvii,
846 913 881 950 nn
906 893 992 948 multo
1012 901 1089 950 retro

198 996 227 1054 iu
250 994 334 1054 litore
356 995 469 1074 lllyrico
492 995 601 1052 unimus
623 1005 685 1054 eum
708 1001 885 1073 assequatur.

285 1096 394 1162 Quodsi
427 1095 618 1175 proficiscenti
647 1096 683 1154 od
711 1097 920 1176 expeditionem
948 1096 1088 1175 illyricum

149 1187 174 1214 ”“
199 1198 328 1280 Pollioni¹
351 1205 451 1277 poeno
479 1192 533 1258 boc
561 1200 643 1257 dorno
671 1199 796 1258 misisset
818 1199 972 1280 Virgilius,
1006 1218 1087 1276 quarn

199 1299 505 1382 egeritrimprudenter
518 1301 656 1360 Pollionis
677 1301 714 1359 de
735 1301 820 1360 rebus
841 1301 933 1382 gestis
955 1309 986 1360 et
1006 1301 1087 1360 lauro

198 1402 308 1464 victrici
329 1403 467 1480 loquensl
501 1403 611 1480 quaerit
632 1403 764 1473 Russus,
799 1403 927 1480 proxime
948 1403 1089 1482 superiori
1203 1427 1204 1432 ¹

127 1528 134 1532 ·
197 1523 273 1563 uuno
296 1523 379 1580 quum
400 1503 490 1580 ipsum
514 1505 668 1562 Gaesarem
689 1503 873 1566 Octavianum
896 1505 999 1576 Pollio,
1026 1505 1087 1563 vin-

197 1597 261 1684 goii
295 1622 370 1663 nuuc
403 1603 558 1674 dominum,
593 1603 831 1685 impugnavisset,
868 1615 898 1664 et
925 1608 961 1666 ad
989 1627 1086 1686 pacem

197 1704 395 1764 Brundisinam
417 1705 571 1786 coegisset.
616 1708 685 1765 Cum
709 1727 743 1766 eo
765 1709 914 1780 exercitu,
937 1717 1087 1787 praetereo

197 1807 246 1868 rix
275 1807 410 1868 credibile
437 1815 500 1880 est,
533 1807 580 1886 qui
610 1810 636 1866 in
667 1809 747 1868 ltoliu
769 1807 905 1869 inforiore
927 1811 1028 1890 partim
1050 1813 1086 1872 sd

111 1907 115 1911 ”
196 1909 340 1972 Orientem
368 1931 419 1990 per
446 1911 595 1972 Graeciam
623 1911 665 1970 ire
685 1910 853 1972 destinatus
875 1910 952 1984 erut,
980 1914 1085 1974 Pollio·

196 2031 259 2072 uem
288 2015 316 2073 iu
345 2033 422 2074 orum
446 2015 606 2086 adversum,
645 2021 701 2072 tom
723 2033 812 2093 prope
834 2015 995 2087 absentem,
1029 2023 1084 2076 turn

195 2121 292 2175 rustes
314 2113 350 2173 ed
363 2115 543 2174 Occidentem
565 2114 701 2195 umboges
722 2115 849 2187 duxisse,
871 2118 917 2194 vel
938 2119 1019 2190 muri,
1041 2139 1085 2180 se-

194 2215 316 2275 cundum
344 2217 465 2276 lutosum
494 2225 523 2276 et
552 2217 645 2278 nautis
673 2216 852 2300 formidatam
875 2239 953 2281 orsm
976 2220 1084 2294 ltnline,

196 2318 240 2380 rel
262 2325 356 2390 terro,
379 2339 430 2402 per
452 2327 540 2384 totum
563 2319 673 2392 ltslinm
696 2318 769 2380 forne
792 2341 966 2399 oppressum.

280 2422 360 2480 llaec
381 2439 493 2500 quoque
515 2421 543 2480 in
567 2423 694 2504 eclogam
717 2422 812 2502 plures
834 2443 933 2484 versus
956 2446 993 2486 ex
1017 2427 1084 2498 tiri,

196 2522 272 2582 Galli
299 2530 441 2606 poe'mute,
477 2522 612 2602 l'irgilius
641 2525 762 2602 recepit,
790 2527 825 2584 ud
849 2526 995 2586 ceritatem
1018 2529 1084 2588 Pol·

194 2621 278 2680 lionis
304 2641 413 2699 suoque
440 2624 530 2682 emico
554 2625 740 2700 prebendam,
772 2626 836 2687 ride
858 2628 909 2700 Vl,
943 2638 983 2691 74
1007 2639 1037 2690 et
1059 2633 1083 2692 ΙΙ

193 2721 222 2782 in
245 2723 405 2804 urgumenti
429 2724 602 2785 narratione.

523 2950 749 2960 m·—

474 3153 803 3214 Aunotatm

280 3343 344 3392 1-
362 3337 392 3392 6.
436 3331 527 3388 poen
549 3330 652 3403 refert,
683 3333 792 3390 Damon
816 3342 845 3392 et
867 3336 1085 3412 Alphesiboeus,

192 3429 513 3498 silvorumroculissimi,
536 3433 746 3509 queecsrnrius
760 3437 961 3495 commiserint.
999 3439 1085 3498 Maus
1145 3445 1149 3458 '
