<?xml version="1.0" encoding="UTF-8"?>
<!DOCTYPE html PUBLIC "-//W3C//DTD XHTML 1.0 Transitional//EN"
    "http://www.w3.org/TR/xhtml1/DTD/xhtml1-transitional.dtd">
<html xmlns="http://www.w3.org/1999/xhtml" xml:lang="en" lang="en">
 <head>
  <title>
</title>
<meta http-equiv="Content-Type" content="text/html;charset=utf-8" />
  <meta name='ocr-system' content='tesseract 3.04.00' />
  <meta name='ocr-capabilities' content='ocr_page ocr_carea ocr_par ocr_line ocrx_word'/>
</head>
<body>
  <div class='ocr_page' id='page_1' title='image "./johannishenrici00reingoog/johannishenrici00reingoog_0365.png"; bbox 0 0 2446 3972; ppageno 0'>
   <div class='ocr_carea' id='block_1_1' title="bbox 415 240 1030 336">
    <p class='ocr_par' dir='ltr' id='par_1_1' title="bbox 415 240 1030 336">
     <span class='ocr_line' id='line_1_1' title="bbox 415 240 1030 336; baseline 0.028 -36"><span class='ocrx_word' id='word_1_1' title='bbox 415 241 574 328; x_wconf 73' lang='lat' dir='ltr'><strong>conoul</strong></span> <span class='ocrx_word' id='word_1_2' title='bbox 592 240 673 336; x_wconf 78' lang='lat' dir='ltr'><strong>viu,</strong></span> <span class='ocrx_word' id='word_1_3' title='bbox 701 245 752 302; x_wconf 78' lang='lat' dir='ltr'><strong>ao.</strong></span> <span class='ocrx_word' id='word_1_4' title='bbox 969 255 1030 317; x_wconf 82' lang='lat' dir='ltr'><strong>rut</strong></span> 
     </span>
    </p>
   </div>
   <div class='ocr_carea' id='block_1_2' title="bbox 67 409 1110 3048">
    <p class='ocr_par' dir='ltr' id='par_1_2' title="bbox 121 409 1031 488">
     <span class='ocr_line' id='line_1_2' title="bbox 121 409 1031 488; baseline 0.002 -17"><span class='ocrx_word' id='word_1_5' title='bbox 121 412 241 472; x_wconf 83' lang='lat' dir='ltr'><strong>&#39;menda</strong></span> <span class='ocrx_word' id='word_1_6' title='bbox 262 410 405 472; x_wconf 86' lang='lat' dir='ltr'><strong>ueteribus</strong></span> <span class='ocrx_word' id='word_1_7' title='bbox 426 416 581 488; x_wconf 84' lang='lat' dir='ltr'><strong>nostroque</strong></span> <span class='ocrx_word' id='word_1_8' title='bbox 602 409 657 488; x_wconf 91' lang='lat' dir='ltr'><strong>ipsi</strong></span> <span class='ocrx_word' id='word_1_9' title='bbox 678 415 780 488; x_wconf 63' lang='lat' dir='ltr'><strong>poetae</strong></span> <span class='ocrx_word' id='word_1_10' title='bbox 800 410 927 488; x_wconf 87' lang='lat' dir='ltr'><strong>pluribus</strong></span> <span class='ocrx_word' id='word_1_11' title='bbox 943 414 972 471; x_wconf 88' lang='lat' dir='ltr'><strong>in</strong></span> <span class='ocrx_word' id='word_1_12' title='bbox 988 415 1031 473; x_wconf 92' lang='lat' dir='ltr'><strong>lo·</strong></span> 
     </span>
    </p>

    <p class='ocr_par' dir='ltr' id='par_1_3' title="bbox 67 511 1036 2226">
     <span class='ocr_line' id='line_1_3' title="bbox 141 511 1031 596; baseline 0.002 -22"><span class='ocrx_word' id='word_1_13' title='bbox 141 513 183 574; x_wconf 88' lang='lat' dir='ltr'><strong>cis</strong></span> <span class='ocrx_word' id='word_1_14' title='bbox 203 513 356 586; x_wconf 75' lang='lat' dir='ltr'>Aeneidis,</span> <span class='ocrx_word' id='word_1_15' title='bbox 378 511 533 594; x_wconf 74' lang='lat' dir='ltr'><strong>peregrina</strong></span> <span class='ocrx_word' id='word_1_16' title='bbox 554 515 580 571; x_wconf 92' lang='lat' dir='ltr'><strong>si</strong></span> <span class='ocrx_word' id='word_1_17' title='bbox 602 531 700 590; x_wconf 82' lang='lat' dir='ltr'><strong>parum</strong></span> <span class='ocrx_word' id='word_1_18' title='bbox 722 518 791 571; x_wconf 91' lang='lat' dir='ltr'><strong>nota</strong></span> <span class='ocrx_word' id='word_1_19' title='bbox 813 521 918 584; x_wconf 88' lang='lat' dir='ltr'><strong>essent,</strong></span> <span class='ocrx_word' id='word_1_20' title='bbox 940 518 1031 596; x_wconf 80' lang='lat' dir='ltr'><strong>magis</strong></span> 
     </span>
     <span class='ocr_line' id='line_1_4' title="bbox 140 601 1031 696; baseline 0.003 -22"><span class='ocrx_word' id='word_1_21' title='bbox 140 615 244 675; x_wconf 86' lang='lat' dir='ltr'><strong>idonea</strong></span> <span class='ocrx_word' id='word_1_22' title='bbox 265 636 330 677; x_wconf 84' lang='lat' dir='ltr'><strong>esse</strong></span> <span class='ocrx_word' id='word_1_23' title='bbox 352 601 529 686; x_wconf 77' lang='lat' dir='ltr'><strong>videbantur,</strong></span> <span class='ocrx_word' id='word_1_24' title='bbox 551 633 633 692; x_wconf 85' lang='lat' dir='ltr'><strong>quam</strong></span> <span class='ocrx_word' id='word_1_25' title='bbox 655 613 752 692; x_wconf 88' lang='lat' dir='ltr'><strong>putida</strong></span> <span class='ocrx_word' id='word_1_26' title='bbox 774 613 933 696; x_wconf 76' lang='lat' dir='ltr'><strong>diligentia.</strong></span> <span class='ocrx_word' id='word_1_27' title='bbox 977 617 1031 678; x_wconf 87' lang='lat' dir='ltr'><strong>Ve-</strong></span> 
     </span>
     <span class='ocr_line' id='line_1_5' title="bbox 141 715 1031 799; baseline 0.002 -23"><span class='ocrx_word' id='word_1_28' title='bbox 141 717 230 799; x_wconf 75' lang='lat' dir='ltr'><strong>sti&#39;gia</strong></span> <span class='ocrx_word' id='word_1_29' title='bbox 257 724 352 777; x_wconf 84' lang='lat' dir='ltr'><strong>autem</strong></span> <span class='ocrx_word' id='word_1_30' title='bbox 384 715 473 774; x_wconf 86' lang='lat' dir='ltr'><strong>moris</strong></span> <span class='ocrx_word' id='word_1_31' title='bbox 494 716 584 776; x_wconf 63' lang='lat' dir='ltr'><strong>‘istius</strong></span> <span class='ocrx_word' id='word_1_32' title='bbox 610 717 758 775; x_wconf 81' lang='lat' dir='ltr'><strong>admodum</strong></span> <span class='ocrx_word' id='word_1_33' title='bbox 787 716 936 794; x_wconf 80' lang='lat' dir='ltr'><strong>mutabilis</strong></span> <span class='ocrx_word' id='word_1_34' title='bbox 956 718 1031 778; x_wconf 87' lang='lat' dir='ltr'><strong>inter</strong></span> 
     </span>
     <span class='ocr_line' id='line_1_6' title="bbox 141 818 1031 899; baseline 0.003 -21"><span class='ocrx_word' id='word_1_35' title='bbox 141 819 271 878; x_wconf 79' lang='lat' dir='ltr'><strong>Graecos</strong></span> <span class='ocrx_word' id='word_1_36' title='bbox 297 837 409 896; x_wconf 86' lang='lat' dir='ltr'><strong>quoquo</strong></span> <span class='ocrx_word' id='word_1_37' title='bbox 437 818 581 877; x_wconf 85' lang='lat' dir='ltr'><strong>habemus.</strong></span> <span class='ocrx_word' id='word_1_38' title='bbox 625 819 814 878; x_wconf 74' lang='lat' dir='ltr'><strong>Athenienses</strong></span> <span class='ocrx_word' id='word_1_39' title='bbox 836 820 923 894; x_wconf 85' lang='lat' dir='ltr'><strong>euim,</strong></span> <span class='ocrx_word' id='word_1_40' title='bbox 956 823 1031 899; x_wconf 90' lang='lat' dir='ltr'><strong>quod</strong></span> 
     </span>
     <span class='ocr_line' id='line_1_7' title="bbox 140 914 1032 998; baseline 0.003 -18"><span class='ocrx_word' id='word_1_41' title='bbox 140 914 326 998; x_wconf 79' lang='grc' dir='ltr'><strong><em>σχαλιαστὴς</em></strong></span> <span class='ocrx_word' id='word_1_42' title='bbox 352 919 550 998; x_wconf 72' lang='lat' dir='ltr'><strong>Aristophanis</strong></span> <span class='ocrx_word' id='word_1_43' title='bbox 566 919 680 998; x_wconf 85' lang='lat' dir='ltr'><strong>aliique</strong></span> <span class='ocrx_word' id='word_1_44' title='bbox 701 927 856 992; x_wconf 88' lang='lat' dir='ltr'><strong>testentur,</strong></span> <span class='ocrx_word' id='word_1_45' title='bbox 886 922 968 982; x_wconf 86' lang='lat' dir='ltr'><strong>novis</strong></span> <span class='ocrx_word' id='word_1_46' title='bbox 989 921 1032 983; x_wconf 89' lang='lat' dir='ltr'><strong>fa·</strong></span> 
     </span>
     <span class='ocr_line' id='line_1_8' title="bbox 141 1021 1034 1100; baseline 0.004 -20"><span class='ocrx_word' id='word_1_47' title='bbox 141 1021 299 1096; x_wconf 76' lang='lat' dir='ltr'><strong>miliaribus</strong></span> <span class='ocrx_word' id='word_1_48' title='bbox 315 1028 346 1080; x_wconf 87' lang='lat' dir='ltr'><strong>ct</strong></span> <span class='ocrx_word' id='word_1_49' title='bbox 362 1021 463 1092; x_wconf 85' lang='lat' dir='ltr'><strong>seruis,</strong></span> <span class='ocrx_word' id='word_1_50' title='bbox 485 1022 598 1099; x_wconf 90' lang='lat' dir='ltr'><strong>quando</strong></span> <span class='ocrx_word' id='word_1_51' title='bbox 611 1021 727 1100; x_wconf 75' lang='lat' dir='ltr'><strong>prinum</strong></span> <span class='ocrx_word' id='word_1_52' title='bbox 740 1022 922 1094; x_wconf 88' lang='lat' dir='ltr'><strong>accedebant,</strong></span> <span class='ocrx_word' id='word_1_53' title='bbox 945 1024 1034 1084; x_wconf 86' lang='lat' dir='ltr'><strong>oraui·</strong></span> 
     </span>
     <span class='ocr_line' id='line_1_9' title="bbox 140 1107 1029 1210; baseline 0.002 -28"><span class='ocrx_word' id='word_1_54' title='bbox 140 1123 251 1200; x_wconf 89' lang='lat' dir='ltr'><strong>busque</strong></span> <span class='ocrx_word' id='word_1_55' title='bbox 278 1123 405 1196; x_wconf 85' lang='lat' dir='ltr'><strong>omnino,</strong></span> <span class='ocrx_word' id='word_1_56' title='bbox 439 1107 540 1201; x_wconf 88' lang='lat' dir='ltr'><strong>quibus</strong></span> <span class='ocrx_word' id='word_1_57' title='bbox 567 1121 661 1182; x_wconf 89' lang='lat' dir='ltr'><strong>fausta</strong></span> <span class='ocrx_word' id='word_1_58' title='bbox 690 1123 828 1203; x_wconf 89' lang='lat' dir='ltr'><strong>principia</strong></span> <span class='ocrx_word' id='word_1_59' title='bbox 849 1127 1029 1210; x_wconf 81' lang='lat' dir='ltr'><strong>aptabuntur,</strong></span> 
     </span>
     <span class='ocr_line' id='line_1_10' title="bbox 140 1223 1034 1305; baseline 0.003 -21"><span class='ocrx_word' id='word_1_60' title='bbox 140 1242 262 1300; x_wconf 78' lang='lat' dir='ltr'><strong>epum</strong></span> <span class='ocrx_word' id='word_1_61' title='bbox 279 1244 392 1304; x_wconf 91' lang='lat' dir='ltr'><strong>quoque</strong></span> <span class='ocrx_word' id='word_1_62' title='bbox 402 1231 432 1284; x_wconf 92' lang='lat' dir='ltr'><strong>et</strong></span> <span class='ocrx_word' id='word_1_63' title='bbox 443 1242 585 1300; x_wconf 77' lang='lat' dir='ltr'><strong>sponsae</strong></span> <span class='ocrx_word' id='word_1_64' title='bbox 597 1225 633 1283; x_wconf 90' lang='lat' dir='ltr'><strong>ad</strong></span> <span class='ocrx_word' id='word_1_65' title='bbox 645 1223 748 1297; x_wconf 83' lang='lat' dir='ltr'><strong>focum,</strong></span> <span class='ocrx_word' id='word_1_66' title='bbox 768 1225 931 1305; x_wconf 87' lang='lat' dir='ltr'><strong>multiplicia</strong></span> <span class='ocrx_word' id='word_1_67' title='bbox 947 1229 1034 1288; x_wconf 90' lang='lat' dir='ltr'><strong>hella-</strong></span> 
     </span>
     <span class='ocr_line' id='line_1_11' title="bbox 139 1316 1034 1409; baseline 0.006 -23"><span class='ocrx_word' id='word_1_68' title='bbox 139 1326 187 1386; x_wconf 84' lang='lat' dir='ltr'><strong>ria</strong></span> <span class='ocrx_word' id='word_1_69' title='bbox 213 1316 250 1386; x_wconf 89' lang='lat' dir='ltr'><strong>ad</strong></span> <span class='ocrx_word' id='word_1_70' title='bbox 276 1327 384 1406; x_wconf 85' lang='lat' dir='ltr'><strong>copiam</strong></span> <span class='ocrx_word' id='word_1_71' title='bbox 406 1327 609 1386; x_wconf 78' lang='lat' dir='ltr'><strong>ostendendam</strong></span> <span class='ocrx_word' id='word_1_72' title='bbox 629 1347 769 1409; x_wconf 79' lang='lat' dir='ltr'><strong>spargere</strong></span> <span class='ocrx_word' id='word_1_73' title='bbox 790 1329 938 1389; x_wconf 87' lang='lat' dir='ltr'><strong>solebant:</strong></span> <span class='ocrx_word' id='word_1_74' title='bbox 962 1349 1034 1409; x_wconf 83' lang='lat' dir='ltr'><strong>quas</strong></span> 
     </span>
     <span class='ocr_line' id='line_1_12' title="bbox 139 1421 1034 1514; baseline 0.002 -25"><span class='ocrx_word' id='word_1_75' title='bbox 139 1421 365 1507; x_wconf 74' lang='grc' dir='ltr'><strong><em>καταχύσματα</em></strong></span> <span class='ocrx_word' id='word_1_76' title='bbox 384 1429 445 1490; x_wconf 86' lang='lat' dir='ltr'><strong>sive</strong></span> <span class='ocrx_word' id='word_1_77' title='bbox 456 1427 613 1490; x_wconf 83' lang='lat' dir='ltr'><strong>effusiones</strong></span> <span class='ocrx_word' id='word_1_78' title='bbox 624 1428 798 1507; x_wconf 84' lang='lat' dir='ltr'><strong>dactylorum</strong></span> <span class='ocrx_word' id='word_1_79' title='bbox 813 1427 1034 1514; x_wconf 72' lang='lat' dir='ltr'><strong>(palmularum),</strong></span> 
     </span>
     <span class='ocr_line' id='line_1_13' title="bbox 141 1529 1032 1610; baseline 0.003 -20"><span class='ocrx_word' id='word_1_80' title='bbox 141 1531 238 1610; x_wconf 86' lang='lat' dir='ltr'><strong>operis</strong></span> <span class='ocrx_word' id='word_1_81' title='bbox 259 1531 379 1610; x_wconf 87' lang='lat' dir='ltr'><strong>pistorii,</strong></span> <span class='ocrx_word' id='word_1_82' title='bbox 401 1529 503 1590; x_wconf 86' lang='lat' dir='ltr'><strong>ficuum</strong></span> <span class='ocrx_word' id='word_1_83' title='bbox 519 1538 549 1590; x_wconf 86' lang='lat' dir='ltr'><strong>ct</strong></span> <span class='ocrx_word' id='word_1_84' title='bbox 564 1551 695 1604; x_wconf 79' lang='lat' dir='ltr'><strong>aucum,</strong></span> <span class='ocrx_word' id='word_1_85' title='bbox 718 1532 795 1593; x_wconf 89' lang='lat' dir='ltr'><strong>servi</strong></span> <span class='ocrx_word' id='word_1_86' title='bbox 816 1532 964 1593; x_wconf 76' lang='lat' dir='ltr'><strong>domestici</strong></span> <span class='ocrx_word' id='word_1_87' title='bbox 985 1553 1032 1593; x_wconf 88' lang='lat' dir='ltr'><strong>ra·</strong></span> 
     </span>
     <span class='ocr_line' id='line_1_14' title="bbox 140 1633 1033 1714; baseline 0.006 -23"><span class='ocrx_word' id='word_1_88' title='bbox 140 1633 266 1712; x_wconf 78' lang='lat' dir='ltr'><strong>piabant.</strong></span> <span class='ocrx_word' id='word_1_89' title='bbox 315 1634 392 1692; x_wconf 85' lang='lat' dir='ltr'><strong>Ante</strong></span> <span class='ocrx_word' id='word_1_90' title='bbox 425 1633 575 1692; x_wconf 85' lang='lat' dir='ltr'><strong>thalamum</strong></span> <span class='ocrx_word' id='word_1_91' title='bbox 608 1651 720 1712; x_wconf 89' lang='lat' dir='ltr'><strong>quoquo</strong></span> <span class='ocrx_word' id='word_1_92' title='bbox 753 1636 914 1714; x_wconf 77' lang='lat' dir='ltr'><strong>sponsalem</strong></span> <span class='ocrx_word' id='word_1_93' title='bbox 943 1637 988 1697; x_wconf 88' lang='lat' dir='ltr'><strong>vel</strong></span> <span class='ocrx_word' id='word_1_94' title='bbox 1015 1657 1033 1696; x_wconf 84' lang='lat' dir='ltr'><strong>a</strong></span> 
     </span>
     <span class='ocr_line' id='line_1_15' title="bbox 141 1723 1033 1818; baseline 0.007 -26"><span class='ocrx_word' id='word_1_95' title='bbox 141 1734 244 1814; x_wconf 84' lang='lat' dir='ltr'><strong>puellis</strong></span> <span class='ocrx_word' id='word_1_96' title='bbox 262 1735 389 1794; x_wconf 84' lang='lat' dir='ltr'><strong>Theocr.</strong></span> <span class='ocrx_word' id='word_1_97' title='bbox 407 1735 502 1791; x_wconf 87' lang='lat' dir='ltr'><strong>XVlll</strong></span> <span class='ocrx_word' id='word_1_98' title='bbox 520 1735 565 1794; x_wconf 90' lang='lat' dir='ltr'><strong>vel</strong></span> <span class='ocrx_word' id='word_1_99' title='bbox 585 1723 924 1814; x_wconf 55' lang='lat' dir='ltr'><strong>ab&#39;uuiversajuuentute</strong></span> <span class='ocrx_word' id='word_1_100' title='bbox 935 1737 1033 1818; x_wconf 78' lang='lat' dir='ltr'><strong>Long.</strong></span> 
     </span>
     <span class='ocr_line' id='line_1_16' title="bbox 140 1829 1036 1915; baseline 0.004 -23"><span class='ocrx_word' id='word_1_101' title='bbox 140 1835 181 1894; x_wconf 84' lang='lat' dir='ltr'><strong>ll&#39;</strong></span> <span class='ocrx_word' id='word_1_102' title='bbox 208 1857 237 1915; x_wconf 94' lang='lat' dir='ltr'><strong>p.</strong></span> <span class='ocrx_word' id='word_1_103' title='bbox 267 1844 324 1898; x_wconf 85' lang='grc'><strong>191</strong></span> <span class='ocrx_word' id='word_1_104' title='bbox 349 1837 480 1913; x_wconf 82' lang='lat' dir='ltr'><strong>jocosum</strong></span> <span class='ocrx_word' id='word_1_105' title='bbox 502 1829 759 1910; x_wconf 75' lang='grc' dir='ltr'><strong>κατακοιμητικὸν</strong></span> <span class='ocrx_word' id='word_1_106' title='bbox 779 1856 842 1893; x_wconf 86' lang='lat' dir='ltr'><strong>eum</strong></span> <span class='ocrx_word' id='word_1_107' title='bbox 864 1837 984 1914; x_wconf 85' lang='lat' dir='ltr'><strong>strepitu</strong></span> <span class='ocrx_word' id='word_1_108' title='bbox 1006 1846 1036 1897; x_wconf 91' lang='lat' dir='ltr'><strong>et</strong></span> 
     </span>
     <span class='ocr_line' id='line_1_17' title="bbox 141 1923 1035 2019; baseline 0.001 -23"><span class='ocrx_word' id='word_1_109' title='bbox 141 1933 268 2014; x_wconf 89' lang='lat' dir='ltr'><strong>tripudio</strong></span> <span class='ocrx_word' id='word_1_110' title='bbox 289 1935 453 2005; x_wconf 86' lang='lat' dir='ltr'><strong>canebatur,</strong></span> <span class='ocrx_word' id='word_1_111' title='bbox 476 1951 600 2012; x_wconf 84' lang='lat' dir='ltr'><strong>sponsae</strong></span> <span class='ocrx_word' id='word_1_112' title='bbox 614 1923 658 1993; x_wconf 59' lang='lat' dir='ltr'><strong>&#39;ad</strong></span> <span class='ocrx_word' id='word_1_113' title='bbox 679 1953 774 2004; x_wconf 85' lang='lat' dir='ltr'><strong>uoces,</strong></span> <span class='ocrx_word' id='word_1_114' title='bbox 792 1955 866 2019; x_wconf 90' lang='lat' dir='ltr'><strong>quus</strong></span> <span class='ocrx_word' id='word_1_115' title='bbox 888 1934 951 1996; x_wconf 88' lang='lat' dir='ltr'><strong>fore</strong></span> <span class='ocrx_word' id='word_1_116' title='bbox 972 1957 1035 2017; x_wconf 79' lang='lat' dir='ltr'><strong>sus-</strong></span> 
     </span>
     <span class='ocr_line' id='line_1_18' title="bbox 141 2035 1035 2118; baseline 0.007 -23"><span class='ocrx_word' id='word_1_117' title='bbox 141 2037 325 2118; x_wconf 86' lang='lat' dir='ltr'><strong>picabantur,</strong></span> <span class='ocrx_word' id='word_1_118' title='bbox 362 2035 576 2116; x_wconf 81' lang='lat' dir='ltr'><strong>opprimendas3</strong></span> <span class='ocrx_word' id='word_1_119' title='bbox 613 2036 684 2096; x_wconf 85' lang='lat' dir='ltr'><strong>hacc</strong></span> <span class='ocrx_word' id='word_1_120' title='bbox 712 2035 822 2096; x_wconf 80' lang='grc' dir='ltr'><strong><em>κτυπιά</em></strong></span> <span class='ocrx_word' id='word_1_121' title='bbox 844 2037 984 2117; x_wconf 83' lang='lat' dir='ltr'><strong>aliquibus</strong></span> <span class='ocrx_word' id='word_1_122' title='bbox 1005 2040 1035 2102; x_wconf 92' lang='lat' dir='ltr'><strong>in</strong></span> 
     </span>
     <span class='ocr_line' id='line_1_19' title="bbox 67 2136 897 2226; baseline 0.004 -30"><span class='ocrx_word' id='word_1_123' title='bbox 67 2208 71 2226; x_wconf 56' lang='lat'><em>„</em></span> <span class='ocrx_word' id='word_1_124' title='bbox 141 2137 214 2198; x_wconf 82' lang='lat' dir='ltr'><strong>locis</strong></span> <span class='ocrx_word' id='word_1_125' title='bbox 236 2158 300 2199; x_wconf 80' lang='lat' dir='ltr'><strong>cuns</strong></span> <span class='ocrx_word' id='word_1_126' title='bbox 320 2138 438 2198; x_wconf 91' lang='lat' dir='ltr'><strong>nucibus</strong></span> <span class='ocrx_word' id='word_1_127' title='bbox 460 2136 631 2220; x_wconf 69' lang='lat' dir='ltr'><strong>spargendis</strong></span> <span class='ocrx_word' id='word_1_128' title='bbox 648 2139 734 2220; x_wconf 76' lang='lat' dir='ltr'><strong>jungi</strong></span> <span class='ocrx_word' id='word_1_129' title='bbox 755 2142 897 2218; x_wconf 86' lang='lat' dir='ltr'><strong>poterant.</strong></span> 
     </span>
    </p>

    <p class='ocr_par' dir='ltr' id='par_1_4' title="bbox 144 2238 1110 2927">
     <span class='ocr_line' id='line_1_20' title="bbox 231 2238 1053 2326; baseline 0.005 -26"><span class='ocrx_word' id='word_1_130' title='bbox 231 2249 280 2300; x_wconf 81' lang='lat'><strong>30.</strong></span> <span class='ocrx_word' id='word_1_131' title='bbox 323 2239 394 2298; x_wconf 79' lang='lat' dir='ltr'><strong>&#39;ribi</strong></span> <span class='ocrx_word' id='word_1_132' title='bbox 416 2240 524 2298; x_wconf 68' lang='lat' dir='ltr'><strong>denefit</strong></span> <span class='ocrx_word' id='word_1_133' title='bbox 544 2239 689 2318; x_wconf 88' lang='lat' dir='ltr'><strong>Hesperus</strong></span> <span class='ocrx_word' id='word_1_134' title='bbox 711 2241 826 2326; x_wconf 65' lang='lat' dir='ltr'><strong>fletam</strong></span> <span class='ocrx_word' id='word_1_135' title='bbox 855 2240 884 2298; x_wconf 92' lang='lat' dir='ltr'><strong>id</strong></span> <span class='ocrx_word' id='word_1_136' title='bbox 905 2249 965 2315; x_wconf 87' lang='lat' dir='ltr'><strong>est,</strong></span> <span class='ocrx_word' id='word_1_137' title='bbox 986 2238 1053 2305; x_wconf 51' lang='lat' dir='ltr'><strong>tun¹</strong></span> 
     </span>
     <span class='ocr_line' id='line_1_21' title="bbox 144 2334 1110 2421; baseline 0.002 -20"><span class='ocrx_word' id='word_1_138' title='bbox 144 2359 233 2401; x_wconf 87' lang='lat' dir='ltr'><strong>causa</strong></span> <span class='ocrx_word' id='word_1_139' title='bbox 265 2338 384 2400; x_wconf 77' lang='lat' dir='ltr'><strong>Lucifer</strong></span> <span class='ocrx_word' id='word_1_140' title='bbox 421 2340 476 2398; x_wconf 85' lang='lat' dir='ltr'><strong>isto</strong></span> <span class='ocrx_word' id='word_1_141' title='bbox 511 2336 606 2418; x_wconf 82' lang='lat' dir='ltr'><strong>(quern</strong></span> <span class='ocrx_word' id='word_1_142' title='bbox 640 2360 667 2399; x_wconf 81' lang='lat' dir='ltr'><strong>v.</strong></span> <span class='ocrx_word' id='word_1_143' title='bbox 702 2348 741 2402; x_wconf 80' lang='lat'><strong>17</strong></span> <span class='ocrx_word' id='word_1_144' title='bbox 767 2341 978 2421; x_wconf 78' lang='lat' dir='ltr'><strong>alloquebatur)</strong></span> <span class='ocrx_word' id='word_1_145' title='bbox 1007 2345 1037 2402; x_wconf 90' lang='lat' dir='ltr'><strong>in</strong></span> <span class='ocrx_word' id='word_1_146' title='bbox 1107 2334 1110 2342; x_wconf 75' lang='grc'><strong>’</strong></span> 
     </span>
     <span class='ocr_line' id='line_1_22' title="bbox 144 2425 1069 2526; baseline 0.004 -26"><span class='ocrx_word' id='word_1_147' title='bbox 144 2442 265 2500; x_wconf 88' lang='lat' dir='ltr'><strong>flrieutc</strong></span> <span class='ocrx_word' id='word_1_148' title='bbox 288 2440 324 2499; x_wconf 88' lang='lat' dir='ltr'><strong>ab</strong></span> <span class='ocrx_word' id='word_1_149' title='bbox 345 2441 419 2499; x_wconf 87' lang='lat' dir='ltr'><strong>fleta</strong></span> <span class='ocrx_word' id='word_1_150' title='bbox 440 2446 534 2498; x_wconf 86' lang='lat' dir='ltr'><strong>monte</strong></span> <span class='ocrx_word' id='word_1_151' title='bbox 555 2441 682 2512; x_wconf 85' lang='lat' dir='ltr'><strong>scandit,</strong></span> <span class='ocrx_word' id='word_1_152' title='bbox 704 2425 912 2526; x_wconf 37' lang='lat' dir='ltr'><strong>ut&#39;Hesperus</strong></span> <span class='ocrx_word' id='word_1_153' title='bbox 933 2443 1038 2518; x_wconf 80' lang='lat' dir='ltr'><strong>factus,</strong></span> <span class='ocrx_word' id='word_1_154' title='bbox 1066 2504 1069 2512; x_wconf 24' lang='grc' dir='ltr'><strong><em>Δ</em></strong></span> 
     </span>
     <span class='ocr_line' id='line_1_23' title="bbox 146 2532 1039 2632; baseline 0.006 -31"><span class='ocrx_word' id='word_1_155' title='bbox 146 2543 231 2601; x_wconf 88' lang='lat' dir='ltr'><strong>bodie</strong></span> <span class='ocrx_word' id='word_1_156' title='bbox 253 2541 364 2623; x_wconf 88' lang='lat' dir='ltr'><strong>vesperi</strong></span> <span class='ocrx_word' id='word_1_157' title='bbox 388 2541 437 2600; x_wconf 91' lang='lat' dir='ltr'><strong>tibi</strong></span> <span class='ocrx_word' id='word_1_158' title='bbox 461 2541 488 2600; x_wconf 88' lang='lat' dir='ltr'><strong>in</strong></span> <span class='ocrx_word' id='word_1_159' title='bbox 509 2532 678 2601; x_wconf 79' lang='lat' dir='ltr'><strong>occidentali</strong></span> <span class='ocrx_word' id='word_1_160' title='bbox 696 2545 776 2605; x_wconf 88' lang='lat' dir='ltr'><strong>coelo</strong></span> <span class='ocrx_word' id='word_1_161' title='bbox 791 2552 934 2632; x_wconf 76' lang='lat' dir='ltr'><strong>appareat.</strong></span> <span class='ocrx_word' id='word_1_162' title='bbox 978 2545 1039 2606; x_wconf 87' lang='lat' dir='ltr'><strong>Lu·</strong></span> 
     </span>
     <span class='ocr_line' id='line_1_24' title="bbox 146 2642 1039 2727; baseline 0.006 -23"><span class='ocrx_word' id='word_1_163' title='bbox 146 2642 234 2715; x_wconf 87' lang='lat' dir='ltr'><strong>oifer,</strong></span> <span class='ocrx_word' id='word_1_164' title='bbox 257 2645 490 2724; x_wconf 86' lang='lat' dir='ltr'><strong>quemadmodum</strong></span> <span class='ocrx_word' id='word_1_165' title='bbox 513 2644 568 2704; x_wconf 92' lang='lat' dir='ltr'><strong>hoc</strong></span> <span class='ocrx_word' id='word_1_166' title='bbox 589 2643 617 2702; x_wconf 94' lang='lat' dir='ltr'><strong>in</strong></span> <span class='ocrx_word' id='word_1_167' title='bbox 639 2645 703 2704; x_wconf 92' lang='lat' dir='ltr'><strong>loco</strong></span> <span class='ocrx_word' id='word_1_168' title='bbox 725 2647 868 2726; x_wconf 83' lang='lat' dir='ltr'><strong>Hesperus</strong></span> <span class='ocrx_word' id='word_1_169' title='bbox 891 2647 972 2727; x_wconf 88' lang='lat' dir='ltr'><strong>quasi</strong></span> <span class='ocrx_word' id='word_1_170' title='bbox 993 2649 1039 2709; x_wconf 92' lang='lat' dir='ltr'><strong>fu-</strong></span> 
     </span>
     <span class='ocr_line' id='line_1_25' title="bbox 146 2745 1039 2830; baseline 0.009 -26"><span class='ocrx_word' id='word_1_171' title='bbox 146 2753 243 2818; x_wconf 88' lang='lat' dir='ltr'><strong>turus,</strong></span> <span class='ocrx_word' id='word_1_172' title='bbox 274 2745 316 2805; x_wconf 91' lang='lat' dir='ltr'><strong>ita</strong></span> <span class='ocrx_word' id='word_1_173' title='bbox 342 2747 416 2825; x_wconf 90' lang='lat' dir='ltr'><strong>apud</strong></span> <span class='ocrx_word' id='word_1_174' title='bbox 444 2747 593 2806; x_wconf 85' lang='lat' dir='ltr'><strong>Horatium</strong></span> <span class='ocrx_word' id='word_1_175' title='bbox 620 2748 647 2806; x_wconf 98' lang='lat' dir='ltr'><strong>ll</strong></span> <span class='ocrx_word' id='word_1_176' title='bbox 674 2749 726 2808; x_wconf 83' lang='lat' dir='ltr'><strong>od.</strong></span> <span class='ocrx_word' id='word_1_177' title='bbox 755 2757 788 2822; x_wconf 85' lang='grc'><strong>9,</strong></span> <span class='ocrx_word' id='word_1_178' title='bbox 820 2759 860 2810; x_wconf 87' lang='grc'><strong>10</strong></span> <span class='ocrx_word' id='word_1_179' title='bbox 880 2751 1039 2830; x_wconf 87' lang='lat' dir='ltr'><strong>appellatur</strong></span> 
     </span>
     <span class='ocr_line' id='line_1_26' title="bbox 145 2845 601 2927; baseline -0.004 -21"><span class='ocrx_word' id='word_1_180' title='bbox 145 2845 291 2927; x_wconf 83' lang='lat' dir='ltr'><strong>Hesperus</strong></span> <span class='ocrx_word' id='word_1_181' title='bbox 312 2848 392 2925; x_wconf 82' lang='lat' dir='ltr'><strong>quasi</strong></span> <span class='ocrx_word' id='word_1_182' title='bbox 414 2847 601 2925; x_wconf 87' lang='lat' dir='ltr'><strong>praeteritus:</strong></span> 
     </span>
    </p>

    <p class='ocr_par' dir='ltr' id='par_1_5' title="bbox 300 2979 887 3048">
     <span class='ocr_line' id='line_1_27' title="bbox 300 2979 887 3048; baseline 0.007 -19"><span class='ocrx_word' id='word_1_183' title='bbox 300 3007 603 3019; x_wconf 85' lang='lat'>—————</span> <span class='ocrx_word' id='word_1_184' title='bbox 638 2995 687 3030; x_wconf 86' lang='lat' dir='ltr'><strong>nco</strong></span> <span class='ocrx_word' id='word_1_185' title='bbox 704 2979 752 3032; x_wconf 92' lang='lat' dir='ltr'><strong>tibi</strong></span> <span class='ocrx_word' id='word_1_186' title='bbox 769 2982 887 3048; x_wconf 83' lang='lat' dir='ltr'><strong>Vespero</strong></span> 
     </span>
    </p>
   </div>
   <div class='ocr_carea' id='block_1_3' title="bbox 300 3035 828 3216">
    <p class='ocr_par' dir='ltr' id='par_1_6' title="bbox 300 3035 828 3216">
     <span class='ocr_line' id='line_1_28' title="bbox 300 3035 711 3128; baseline 0 -14"><span class='ocrx_word' id='word_1_187' title='bbox 300 3035 433 3128; x_wconf 80' lang='lat' dir='ltr'><strong>Surgente</strong></span> <span class='ocrx_word' id='word_1_188' title='bbox 449 3063 577 3116; x_wconf 88' lang='lat' dir='ltr'><strong>decedunt</strong></span> <span class='ocrx_word' id='word_1_189' title='bbox 593 3078 711 3128; x_wconf 84' lang='lat' dir='ltr'><strong>amores,</strong></span> 
     </span>
     <span class='ocr_line' id='line_1_29' title="bbox 384 3140 828 3216; baseline 0.005 -16"><span class='ocrx_word' id='word_1_190' title='bbox 384 3148 442 3200; x_wconf 85' lang='lat' dir='ltr'><strong>Nec</strong></span> <span class='ocrx_word' id='word_1_191' title='bbox 458 3140 577 3216; x_wconf 82' lang='lat' dir='ltr'><strong>rapidum</strong></span> <span class='ocrx_word' id='word_1_192' title='bbox 594 3147 712 3214; x_wconf 77' lang='lat' dir='ltr'><strong>fugiente</strong></span> <span class='ocrx_word' id='word_1_193' title='bbox 729 3149 828 3202; x_wconf 86' lang='lat' dir='ltr'><strong>Solem.</strong></span> 
     </span>
    </p>
   </div>
   <div class='ocr_carea' id='block_1_4' title="bbox 148 3251 1061 3546">
    <p class='ocr_par' dir='ltr' id='par_1_7' title="bbox 148 3251 1061 3546">
     <span class='ocr_line' id='line_1_30' title="bbox 148 3251 1040 3344; baseline 0.008 -32"><span class='ocrx_word' id='word_1_194' title='bbox 148 3251 333 3330; x_wconf 76' lang='lat' dir='ltr'><strong>Hesper-ur,</strong></span> <span class='ocrx_word' id='word_1_195' title='bbox 358 3252 460 3310; x_wconf 87' lang='lat' dir='ltr'><strong>sideris</strong></span> <span class='ocrx_word' id='word_1_196' title='bbox 470 3254 624 3344; x_wconf 83' lang='lat' dir='ltr'><strong>vespertini</strong></span> <span class='ocrx_word' id='word_1_197' title='bbox 637 3262 772 3334; x_wconf 89' lang='lat' dir='ltr'><strong>perpetuo</strong></span> <span class='ocrx_word' id='word_1_198' title='bbox 787 3275 902 3316; x_wconf 89' lang='lat' dir='ltr'><strong>munere</strong></span> <span class='ocrx_word' id='word_1_199' title='bbox 914 3257 1040 3340; x_wconf 80' lang='lat' dir='ltr'><strong>fungens</strong></span> 
     </span>
     <span class='ocr_line' id='line_1_31' title="bbox 149 3349 1041 3442; baseline 0.009 -28"><span class='ocrx_word' id='word_1_200' title='bbox 149 3359 250 3424; x_wconf 61' lang='lat' dir='ltr'><strong>v.‘17,</strong></span> <span class='ocrx_word' id='word_1_201' title='bbox 272 3373 368 3433; x_wconf 88' lang='lat' dir='ltr'><strong>saepe,</strong></span> <span class='ocrx_word' id='word_1_202' title='bbox 390 3355 464 3432; x_wconf 91' lang='lat' dir='ltr'><strong>quad</strong></span> <span class='ocrx_word' id='word_1_203' title='bbox 487 3355 597 3433; x_wconf 88' lang='lat' dir='ltr'><strong>opinari</strong></span> <span class='ocrx_word' id='word_1_204' title='bbox 617 3356 693 3428; x_wconf 87' lang='lat' dir='ltr'><strong>licet,</strong></span> <span class='ocrx_word' id='word_1_205' title='bbox 715 3349 863 3435; x_wconf 82' lang='lat' dir='ltr'><strong>sponsales</strong></span> <span class='ocrx_word' id='word_1_206' title='bbox 884 3359 919 3418; x_wconf 88' lang='lat' dir='ltr'><strong>ud</strong></span> <span class='ocrx_word' id='word_1_207' title='bbox 942 3381 1041 3442; x_wconf 85' lang='lat' dir='ltr'><strong>uespe-</strong></span> 
     </span>
     <span class='ocr_line' id='line_1_32' title="bbox 150 3455 1061 3546; baseline 0.009 -32"><span class='ocrx_word' id='word_1_208' title='bbox 150 3473 199 3514; x_wconf 86' lang='lat' dir='ltr'><strong>ras</strong></span> <span class='ocrx_word' id='word_1_209' title='bbox 224 3455 425 3546; x_wconf 77' lang='lat' dir='ltr'><strong>accelerandas</strong></span> <span class='ocrx_word' id='word_1_210' title='bbox 446 3455 640 3522; x_wconf 80' lang='lat' dir='ltr'><strong>invocabatur.</strong></span> <span class='ocrx_word' id='word_1_211' title='bbox 684 3458 748 3518; x_wconf 83' lang='lat' dir='ltr'><strong>datu</strong></span> <span class='ocrx_word' id='word_1_212' title='bbox 776 3460 892 3538; x_wconf 88' lang='lat' dir='ltr'><strong>Sappho</strong></span> <span class='ocrx_word' id='word_1_213' title='bbox 918 3463 1061 3538; x_wconf 58' lang='lat' dir='ltr'><strong>cecinita</strong></span> 
     </span>
    </p>
   </div>
   <div class='ocr_carea' id='block_1_5' title="bbox 0 0 1235 3972">
    <p class='ocr_par' dir='ltr' id='par_1_8' title="bbox 0 0 1235 3972">
     <span class='ocr_line' id='line_1_33' title="bbox 0 0 1235 3972; baseline 0 0"><span class='ocrx_word' id='word_1_214' title='bbox 0 0 1235 3972; x_wconf 95' lang='lat' dir='ltr'><strong> </strong></span> 
     </span>
    </p>
   </div>
  </div>
 </body>
</html>
