2394 3980
352 253 509 314 aeneee.
525 253 580 324 rt,
602 230 746 314 ar-m.
944 260 990 322 er

113 417 170 478 Per
201 419 300 480 Linum
326 428 436 482 atonem
464 422 546 480 Gallo
569 421 668 501 juveni
700 422 814 491 Mutae,
841 427 873 478 ut
893 439 991 480 namur

114 521 253 598 Gryneum
274 530 367 594 ceam,
390 523 509 601 plurium
529 525 731 582 calamorum
752 521 915 582 arundinem
930 521 990 584 rire
1097 544 1103 555 ·

113 619 233 682 lietulam
265 623 394 694 natent,
428 643 484 702 qna
516 643 606 682 senex
639 623 703 682 elim
732 623 887 692 Hesiodus,
920 623 992 682 alter

112 721 247 802 Orpheae,
269 725 355 787 silvae
377 726 412 783 ud
434 745 466 784 oe
488 725 669 785 exeantebat.
712 725 767 784 Em
779 729 892 801 copiae
907 722 992 783 anta,

113 823 146 882 C.
169 826 322 905 llxemplar
343 827 431 905 majus
453 827 582 905 aliquod,
605 846 686 904 qnam
708 845 808 886 recena
830 825 993 904 Euphorion

109 923 153 996 X,
187 935 243 997 50,
278 927 324 984 cui
350 925 472 986 fabalem
499 927 614 998 Gallus,
645 928 696 986 aad
722 947 778 985 nan
806 925 994 986 Grammatico

109 1025 221 1086 doctam
242 1035 272 1085 et
293 1027 438 1088 obscuram
456 1027 665 1105 elnqantianem
681 1028 817 1098 debebat,
838 1045 927 1088 uertex
946 1028 994 1088 ille

0 1174 1 1215 p
108 1127 252 1188 decraeue
272 1127 343 1199 fuit,
366 1129 440 1188 inter
461 1129 591 1188 heroicae
612 1123 748 1207 perronae
771 1129 915 1188 Heliconia
936 1131 994 1190 cal·

109 1235 170 1302 tura
193 1228 218 1288 ir
239 1229 268 1290 in
291 1230 424 1302 carmine,
446 1231 520 1308 quod
542 1249 593 1309 per
613 1236 735 1289 aetatem
756 1230 849 1308 periit,
871 1225 995 1291 eamden

108 1326 231 1390 fabulam
249 1331 284 1390 de
303 1330 464 1392 Calchantis
482 1329 620 1410 et'Mapei
641 1331 811 1390 hariolorum
833 1314 994 1405 cartamine,

61 1459 63 1464 ·
108 1417 188 1508 quod
205 1433 306 1494 Gallae
326 1433 355 1492 in
378 1425 480 1512 oppida
502 1433 611 1512 Grynio
633 1433 831 1506 collocaverat,
854 1443 920 1494 ante
937 1436 994 1494 En·

109 1533 271 1611 photianam
294 1533 447 1608 cecinerat,
468 1542 498 1594 et
519 1517 677 1597 arationem
700 1535 774 1594 Galli
796 1535 876 1614 qrrari
898 1538 993 1596 modu·

109 1633 183 1696 lehre
215 1643 287 1695 erat.
351 1638 397 1696 lix
428 1637 549 1717 epietnle
577 1635 738 1709 Parthenii,
755 1636 887 1712 ‘fabalia
924 1657 994 1716 quaa

109 1735 192 1797 Galle
214 1738 263 1798 illa
285 1739 426 1816 epicorum
446 1739 640 1798 narrationum
656 1745 686 1798 et
703 1738 856 1818 elegiarum
872 1739 902 1798 ir
913 1759 994 1800 urum

109 1838 283 1918 eollegerat,
310 1839 487 1916 praeposita,
515 1858 583 1898 oeae
609 1847 717 1898 tantam
745 1839 854 1898 Gallam
876 1841 995 1900 Graecia
1108 1823 1110 1834 ⁸

1 1991 2 2004 ,
109 1958 125 1998 e
158 1937 263 1998 fabulis
296 1938 383 1998 exilia
412 1939 532 2019 legisse,
566 1957 671 2017 eaeque
692 1958 745 1996 saa
765 1937 853 2016 ipsine
880 1939 994 2002 libidine
1065 1938 1069 1955 ‘

108 2037 253 2110 flexione„
285 2039 427 2106 diecimur.
500 2040 647 2099 Sincerior
689 2041 773 2100 haec.
798 2047 828 2099 et
870 2041 995 2103 Hariolo

65 2179 66 2182 =
109 2141 206 2220 eiquo
233 2158 289 2202 noo
319 2141 436 2222 indigna
463 2142 548 2202 eliani
574 2141 735 2224 argumenti
761 2143 909 2215 tractatio,
937 2165 994 2206 non
1026 2164 1034 2176 ·

110 2242 282 2322 Maiora
302 2242 514 2321 interpretatio,
537 2243 658 2302 disertae
680 2243 764 2302 Gella
785 2263 804 2300 a
825 2245 944 2325 Virgilio
965 2256 995 2308 et
1115 2259 1116 2264 ’

109 2344 155 2404 bic
183 2351 215 2404 et
240 2343 269 2402 in
298 2343 405 2403 decima
426 2343 527 2422 ecloga
548 2343 648 2402 laudes
667 2343 843 2422 impetrabat.
886 2345 997 2407 Arare

109 2446 191 2507 vicus
223 2441 361 2502 Boeotiae
377 2443 421 2500 'in
456 2441 565 2522 aspera
584 2451 614 2501 et
639 2451 787 2508 montanea
812 2444 933 2526 regione
960 2449 996 2508 ad
1095 2428 1101 2442 ⁹

110 2547 244 2605 dextram
272 2544 434 2606 Heliconem
461 2545 629 2605 adeuntibus
651 2545 811 2618 dicebatur,
837 2567 893 2626 qua
914 2557 997 2629 pater

110 2645 231 2728 Heeiadi
252 2665 290 2706 ax
311 2647 398 2724 Cyme
418 2647 544 2707 Aeolidis
566 2647 747 2728 migraverat.
795 2648 916 2724 ornae,
938 2651 996 2716 sra-
1095 2713 1097 2716 .

110 2749 197 2810 xinue
219 2747 373 2820 silvestria,
403 2747 497 2821 brevi,
520 2747 663 2829 duriore,
682 2769 766 2829 ‚quam
787 2759 917 2813 caeterae
939 2754 997 2816 irn-

108 2850 185 2923 uioi,
209 2858 239 2911 et
260 2850 387 2930 nigriore
409 2841 524 2924 banca,
548 2860 578 2912 et
598 2849 674 2911 soliis
694 2852 858 2926 latioribus,
880 2863 909 2912 et
935 2855 996 2915 len·

112 2969 180 3012 reae
206 2949 316 3010 frondis
343 2970 397 3008 uon
426 2952 619 3023 masinilibus,
653 2971 724 3028 quae
746 2949 815 3013 solia
836 2955 997 3033 adparere

114 3054 259 3130 pascenda
290 3071 346 3110 non
382 3051 473 3111 minus
499 3052 579 3112 utilia
605 3069 686 3130 quam
713 3052 787 3119 ulmi,
806 3051 875 3114 falia
904 3065 994 3130 eraut,

114 3153 293 3216 Fraxinus
320 3152 428 3214 oram
449 3152 491 3210 L.
515 3149 634 3234 [Colum.
654 3153 688 3211 de
706 3154 828 3216 arborib.
842 3157 919 3231 XVl,
938 3159 994 3242 1.]:

115 3257 207 3316 meni
235 3277 310 3327 eam,
343 3255 378 3316 de
405 3255 550 3336 elegantia
575 3254 693 3314 neminie
718 3256 865 3318 admodum
892 3262 995 3334 aerari,

115 3354 341 3418 Manacarta
374 3357 484 3438 dicunt:
528 3356 657 3436 queniam
690 3377 793 3419 maone
827 3355 994 3444 (ἀερόμελι)

115 3454 236 3536 Neapoli
262 3477 299 3520 ex
327 3458 433 3520 cartica
461 3459 558 3530 eadat,
586 3460 660 3537 qnod
680 3467 804 3520 ventrem
827 3463 863 3521 ad
884 3463 995 3524 miren-
