2446 3972
351 233 504 329 ueneat
526 236 585 308 llll,
609 243 751 298 21-24.
951 248 993 309 77

117 417 261 478 perperam
283 400 406 476 referat,
427 423 545 482 poenam
567 404 717 475 mendatii,
740 409 875 484 pustulam
895 408 931 496 inm
940 409 993 467 lin·

114 519 175 580 gna
195 499 329 579 futurem,
357 507 468 564 metuit:

198 618 335 672 Bueolieae
352 621 459 686 Musae,
483 621 594 674 salvete!
625 626 650 674 et
667 622 744 675 dieite
761 640 877 689 carmen,

198 703 268 756 Olim
285 705 354 771 qued
372 703 454 758 ceaiui
471 723 556 758 eoram
574 707 719 774 pastoribus
736 707 800 771 iltis;
879 735 888 750 κ
919 707 921 718 ’

197 785 301 842 Excitet
317 786 344 839 in
358 788 450 855 lingua
466 808 564 844 summa
581 809 625 862 ne,
631 795 758 860 pustulam
776 792 896 846 edacem!

10 903 32 948 Ι
113 903 183 962 Nam
205 906 369 986 interpretis
389 912 498 988 quidem
515 913 550 970 ad
565 933 593 972 v.
610 919 649 974 98
668 914 811 973 enarratio
828 921 995 994 argumento

113 1013 169 1078 est,
193 1002 278 1090 φύσῃ
301 1030 363 1069 eum
383 1011 504 1092 legisse,
527 1005 608 1092 itique
631 1034 693 1072 eum
714 1017 749 1076 ed
772 1007 837 1097 ᾠὸὰ
855 1016 995 1075 retulisse.

117 1105 283 1182 Volebam,
317 1114 391 1190 quod
418 1133 475 1172 una
502 1133 562 1173 eum
590 1116 689 1174 Servio
722 1117 915 1195 antiquissimi·
932 1117 996 1177 libri

110 1219 289 1289 agnoscunt,
327 1213 420 1292 priseo
451 1235 527 1274 more
554 1217 688 1296 seriptum
721 1226 765 1276 est
791 1237 842 1297 pro
869 1221 996 1279 vellem.

109 1309 154 1368 lta
181 1312 302 1371 Plautus
328 1315 397 1374 dieit
416 1316 513 1377 Aee'e.
535 1320 586 1390 ll,
614 1324 727 1390 esto:
763 1321 834 1380 Sed
851 1327 883 1380 ei
910 1323 996 1380 demi

109 1425 176 1484 est,
199 1414 437 1476 Demaenetum
449 1420 613 1492 uolebam
635 1421 750 1499 ipseque
762 1423 898 1504 Virgilius
914 1423 935 1494 l,
953 1429 994 1484 79

5 1549 6 1602 p
106 1523 249 1590 peteras
279 1539 331 1597 pro
349 1537 474 1594 posses.
525 1521 693 1594 Volabant,
728 1525 801 1602 quod
823 1523 896 1584 falso
926 1525 994 1584 seri-

5 1607 6 1620 i
108 1623 187 1693 ptum
210 1625 268 1690 est,
291 1621 315 1678 si
336 1619 404 1680 ierri
424 1631 535 1701 posset,
566 1626 666 1693 Servio
687 1627 715 1685 it
737 1627 891 1706 interprete
912 1627 994 1688 levis-
1056 1667 1080 1700 χ

106 1716 178 1776 sime
200 1719 353 1780 ferremus:
395 1725 495 1784 illusae
516 1727 631 1784 alternis
652 1729 812 1802 canentium¹
837 1730 995 1791 meminisse

107 1819 258 1891 velebant,
291 1806 453 1901 aspirabant
474 1826 597 1903 utrique3
630 1835 923 1912 praeterquamquod
947 1839 995 1896 el·

5 1917 8 1992 ζ
105 1929 224 1982 urnae
246 1929 302 1979 tum
324 1923 432 1983 variata
459 1933 599 2003 potestate
625 1945 678 1986 sua
706 1933 840 2010 sequitur.
885 1938 995 2012 Verum,

5 2013 6 2100 l
105 2021 132 2079 si
155 2022 198 2080 ita
221 2021 342 2098 dicatur,
375 2045 432 2084 non
459 2027 550 2108 magis
576 2027 605 2104 id
632 2030 745 2110 jejune,
779 2053 860 2114 quam
887 2039 995 2100 ineerta

104 2124 247 2196 sensilia,
277 2125 378 2185 dietum
401 2127 451 2202 sit3
487 2149 550 2188 nam
570 2129 644 2191 idem
667 2155 730 2195 esse
745 2146 861 2216 possete
894 2143 994 2204 Musae

104 2227 284 2286 alternorum
306 2229 456 2287 terminum
478 2231 555 2309 ipsae
571 2236 729 2296 meminisse
748 2241 894 2316 volebant3
915 2248 996 2320 voles

105 2326 192 2400 baut,
211 2335 249 2386 ·ut
265 2328 305 2385 illi
325 2349 420 2387 eorum
437 2332 623 2405 memineriut3
646 2338 792 2411 volebant,
814 2349 846 2399 nt
861 2363 917 2422 ego
933 2379 990 2402 -.

103 2428 166 2487 Pro
183 2429 353 2487 carminibus
370 2429 494 2488 binorum
508 2451 646 2506 versuum,
665 2441 779 2514 quaein
796 2443 879 2503 tertia
891 2447 993 2528 ecloga

102 2531 277 2601 miscentur,
304 2530 357 2588 hee
378 2531 488 2608 quidem
513 2533 575 2592 luco
597 2538 689 2598 omniu
711 2549 907 2618 quaternorum
929 2569 990 2610 ver·
1085 2583 1087 2598 ι

103 2650 191 2689 suum
214 2619 301 2719 sunta
330 2633 422 2723 qualia
442 2634 517 2695 illico
543 2636 669 2700 iuvenire
696 2662 751 2702 non
773 2644 856 2707 facile
877 2651 989 2730 cujusli-

103 2734 154 2792 bet
175 2737 279 2812 putitae
301 2742 372 2793 erat,

196 2842 234 2894 21
265 2868 307 2880 -
336 2844 384 2896 24.
433 2829 565 2916 corydon
591 2845 760 2920 modestiae,
795 2851 933 2910 amicitiae
960 2861 989 2912 et

102 2935 246 2994 honestae
272 2936 419 3016 dignitatis
444 2941 610 3001 documenta
635 2945 701 3005 ertit.
750 2947 826 3008 Deus
849 2960 987 3030 precatur,

103 3043 137 3094 ut
160 3037 232 3108 sibi,
265 3057 346 3116 quum
369 3028 429 3117 ipse
450 3044 547 3120 parum
568 3043 674 3114 valeat,
715 3049 771 3106 tale
793 3049 904 3128 aliquod
927 3075 989 3118 oar.

103 3157 187 3208 men,
224 3140 305 3216 quale
337 3141 445 3213 Codro,
480 3142 567 3220 ipsius
601 3145 702 3217 amico,
742 3148 892 3228 inspireut3
929 3167 987 3232 ant,

102 3238 130 3298 si
153 3238 247 3297 minus
268 3260 284 3300 e
305 3243 391 3322 vulgo
414 3244 504 3322 possit
525 3264 684 3326 emergere,
717 3252 878 3314 renuntiare
904 3259 987 3335 plane

102 3341 169 3401 vult
191 3341 255 3400 arti.
297 3343 415 3426 Egregii
436 3345 539 3424 aliquid
560 3357 610 3404 aut
630 3349 710 3408 nibil!
743 3352 785 3410 lta
807 3357 913 3415 nobiles
940 3379 985 3419 ur-

101 3440 201 3502 tifices
228 3442 365 3516 sentiunt,
398 3447 457 3525 qui,
491 3466 551 3506 eum
579 3448 697 3530 ingenio
723 3453 805 3512 enimi
832 3457 982 3520 bonitatem
