<?xml version="1.0" encoding="UTF-8"?>
<!DOCTYPE html PUBLIC "-//W3C//DTD XHTML 1.0 Transitional//EN"
    "http://www.w3.org/TR/xhtml1/DTD/xhtml1-transitional.dtd">
<html xmlns="http://www.w3.org/1999/xhtml" xml:lang="en" lang="en">
 <head>
  <title>
</title>
<meta http-equiv="Content-Type" content="text/html;charset=utf-8" />
  <meta name='ocr-system' content='tesseract 3.04.00' />
  <meta name='ocr-capabilities' content='ocr_page ocr_carea ocr_par ocr_line ocrx_word'/>
</head>
<body>
  <div class='ocr_page' id='page_1' title='image "./johannishenrici00reingoog/johannishenrici00reingoog_0067.png"; bbox 0 0 2424 3994; ppageno 0'>
   <div class='ocr_carea' id='block_1_1' title="bbox 242 217 999 318">
    <p class='ocr_par' dir='ltr' id='par_1_1' title="bbox 242 217 999 318">
     <span class='ocr_line' id='line_1_1' title="bbox 242 217 999 318; baseline 0.026 -26"><span class='ocrx_word' id='word_1_1' title='bbox 242 271 249 291; x_wconf 59' lang='lat'><strong><em>„</em></strong></span> <span class='ocrx_word' id='word_1_2' title='bbox 302 298 304 303; x_wconf 83' lang='lat'><em>.</em></span> <span class='ocrx_word' id='word_1_3' title='bbox 335 237 509 306; x_wconf 70' lang='lat' dir='ltr'><strong>,uenoon</strong></span> <span class='ocrx_word' id='word_1_4' title='bbox 532 238 566 298; x_wconf 92' lang='lat' dir='ltr'><strong>u.</strong></span> <span class='ocrx_word' id='word_1_5' title='bbox 591 217 737 304; x_wconf 61' lang='lat' dir='ltr'><strong>cnss-co.</strong></span> <span class='ocrx_word' id='word_1_6' title='bbox 954 248 999 318; x_wconf 75' lang='lat' dir='ltr'><strong>er</strong></span> 
     </span>
    </p>
   </div>
   <div class='ocr_carea' id='block_1_2' title="bbox 41 405 1089 2923">
    <p class='ocr_par' dir='ltr' id='par_1_2' title="bbox 41 405 1089 2923">
     <span class='ocr_line' id='line_1_2' title="bbox 106 405 1001 484; baseline 0.01 -20"><span class='ocrx_word' id='word_1_7' title='bbox 106 411 191 484; x_wconf 74' lang='lat' dir='ltr'><strong>ca&#39;put</strong></span> <span class='ocrx_word' id='word_1_8' title='bbox 223 411 369 464; x_wconf 88' lang='lat' dir='ltr'><strong>cornutum</strong></span> <span class='ocrx_word' id='word_1_9' title='bbox 395 407 451 466; x_wconf 84' lang='lat' dir='ltr'><strong>hoc</strong></span> <span class='ocrx_word' id='word_1_10' title='bbox 478 407 560 466; x_wconf 90' lang='lat' dir='ltr'><strong>titulo</strong></span> <span class='ocrx_word' id='word_1_11' title='bbox 583 405 822 484; x_wconf 78' lang='grc' dir='ltr'><em>ΣΥΡΑΚΟΣΙ,</em></span> <span class='ocrx_word' id='word_1_12' title='bbox 859 410 887 472; x_wconf 89' lang='lat' dir='ltr'><strong>in</strong></span> <span class='ocrx_word' id='word_1_13' title='bbox 910 411 1001 473; x_wconf 83' lang='lat' dir='ltr'><strong>altero</strong></span> 
     </span>
     <span class='ocr_line' id='line_1_3' title="bbox 107 505 999 586; baseline 0.007 -18"><span class='ocrx_word' id='word_1_14' title='bbox 107 506 181 570; x_wconf 84' lang='lat' dir='ltr'><strong>intra</strong></span> <span class='ocrx_word' id='word_1_15' title='bbox 209 525 343 566; x_wconf 85' lang='lat' dir='ltr'><strong>coronam</strong></span> <span class='ocrx_word' id='word_1_16' title='bbox 369 505 517 566; x_wconf 80' lang='lat' dir='ltr'><strong>frondeum</strong></span> <span class='ocrx_word' id='word_1_17' title='bbox 543 509 618 568; x_wconf 81' lang='lat' dir='ltr'><strong>hane</strong></span> <span class='ocrx_word' id='word_1_18' title='bbox 642 508 765 586; x_wconf 79' lang='lat' dir='ltr'><strong>fistulam</strong></span> <span class='ocrx_word' id='word_1_19' title='bbox 792 529 892 572; x_wconf 87' lang='lat' dir='ltr'><strong>novem</strong></span> <span class='ocrx_word' id='word_1_20' title='bbox 918 513 999 576; x_wconf 80' lang='lat' dir='ltr'><strong>tulto·</strong></span> 
     </span>
     <span class='ocr_line' id='line_1_4' title="bbox 106 606 999 694; baseline 0.01 -28"><span class='ocrx_word' id='word_1_21' title='bbox 106 627 182 679; x_wconf 88' lang='lat' dir='ltr'><strong>rum,</strong></span> <span class='ocrx_word' id='word_1_22' title='bbox 215 625 288 685; x_wconf 84' lang='lat' dir='ltr'><strong>quos</strong></span> <span class='ocrx_word' id='word_1_23' title='bbox 309 606 385 672; x_wconf 82' lang='lat' dir='ltr'><strong>iufra</strong></span> <span class='ocrx_word' id='word_1_24' title='bbox 411 610 552 692; x_wconf 78' lang='lat' dir='ltr'><strong>supraque</strong></span> <span class='ocrx_word' id='word_1_25' title='bbox 579 609 719 670; x_wconf 85' lang='lat' dir='ltr'><strong>vinculum</strong></span> <span class='ocrx_word' id='word_1_26' title='bbox 741 610 846 693; x_wconf 81' lang='lat' dir='ltr'><strong>cingit,</strong></span> <span class='ocrx_word' id='word_1_27' title='bbox 876 614 999 694; x_wconf 83' lang='lat' dir='ltr'><strong>longitu-</strong></span> 
     </span>
     <span class='ocr_line' id='line_1_5' title="bbox 106 708 1014 792; baseline 0.018 -27"><span class='ocrx_word' id='word_1_28' title='bbox 106 709 171 768; x_wconf 85' lang='lat' dir='ltr'>dine</span> <span class='ocrx_word' id='word_1_29' title='bbox 193 708 361 785; x_wconf 77' lang='lat' dir='ltr'>aequalium.</span> <span class='ocrx_word' id='word_1_30' title='bbox 403 710 490 791; x_wconf 69' lang='lat' dir='ltr'><strong>Euitn</strong></span> <span class='ocrx_word' id='word_1_31' title='bbox 512 709 602 791; x_wconf 81' lang='lat' dir='ltr'><strong>igitur</strong></span> <span class='ocrx_word' id='word_1_32' title='bbox 622 710 763 792; x_wconf 75' lang='lat' dir='ltr'>inaequali</span> <span class='ocrx_word' id='word_1_33' title='bbox 784 717 901 778; x_wconf 74' lang='lat' dir='ltr'><strong>solertia</strong></span> <span class='ocrx_word' id='word_1_34' title='bbox 919 719 1014 780; x_wconf 73' lang='lat' dir='ltr'><strong>Sicu*</strong></span> 
     </span>
     <span class='ocr_line' id='line_1_6' title="bbox 105 808 1001 902; baseline 0.018 -35"><span class='ocrx_word' id='word_1_35' title='bbox 105 808 194 870; x_wconf 90' lang='lat' dir='ltr'><strong>lorum</strong></span> <span class='ocrx_word' id='word_1_36' title='bbox 223 815 366 888; x_wconf 78' lang='lat' dir='ltr'><strong>postumum</strong></span> <span class='ocrx_word' id='word_1_37' title='bbox 387 829 516 886; x_wconf 70' lang='lat' dir='ltr'><strong>neeesse¹</strong></span> <span class='ocrx_word' id='word_1_38' title='bbox 532 819 578 872; x_wconf 84' lang='lat' dir='ltr'><strong>est</strong></span> <span class='ocrx_word' id='word_1_39' title='bbox 603 833 734 878; x_wconf 83' lang='lat' dir='ltr'><strong>sonorum</strong></span> <span class='ocrx_word' id='word_1_40' title='bbox 761 817 871 897; x_wconf 82' lang='lat' dir='ltr'><strong>aliquos</strong></span> <span class='ocrx_word' id='word_1_41' title='bbox 892 823 1001 902; x_wconf 76' lang='lat' dir='ltr'><strong>gradus</strong></span> 
     </span>
     <span class='ocr_line' id='line_1_7' title="bbox 106 910 1001 1004; baseline 0.015 -32"><span class='ocrx_word' id='word_1_42' title='bbox 106 910 250 984; x_wconf 83' lang='lat' dir='ltr'><strong>effecerit3</strong></span> <span class='ocrx_word' id='word_1_43' title='bbox 278 929 342 970; x_wconf 83' lang='lat' dir='ltr'><strong>narn</strong></span> <span class='ocrx_word' id='word_1_44' title='bbox 363 933 415 991; x_wconf 83' lang='lat' dir='ltr'><strong>pro</strong></span> <span class='ocrx_word' id='word_1_45' title='bbox 436 910 552 972; x_wconf 85' lang='lat' dir='ltr'><strong>rudibus</strong></span> <span class='ocrx_word' id='word_1_46' title='bbox 565 933 611 974; x_wconf 83' lang='lat' dir='ltr'><strong>ex</strong></span> <span class='ocrx_word' id='word_1_47' title='bbox 633 917 775 995; x_wconf 66' lang='lat' dir='ltr'><strong>moadiae</strong></span> <span class='ocrx_word' id='word_1_48' title='bbox 788 920 906 982; x_wconf 85' lang='lat' dir='ltr'><strong>ealamis</strong></span> <span class='ocrx_word' id='word_1_49' title='bbox 928 920 1001 1004; x_wconf 84' lang='grc' dir='ltr'>(κα-</span> 
     </span>
     <span class='ocr_line' id='line_1_8' title="bbox 106 1010 1000 1094; baseline 0.019 -25"><span class='ocrx_word' id='word_1_50' title='bbox 106 1010 232 1094; x_wconf 74' lang='grc' dir='ltr'><strong>λαμοι),</strong></span> <span class='ocrx_word' id='word_1_51' title='bbox 262 1013 367 1072; x_wconf 77' lang='lat' dir='ltr'>Pollux</span> <span class='ocrx_word' id='word_1_52' title='bbox 401 1020 500 1072; x_wconf 87' lang='lat' dir='ltr'><strong>auctor</strong></span> <span class='ocrx_word' id='word_1_53' title='bbox 528 1022 587 1086; x_wconf 82' lang='lat' dir='ltr'><strong>est,</strong></span> <span class='ocrx_word' id='word_1_54' title='bbox 624 1017 847 1082; x_wconf 81' lang='lat' dir='ltr'><strong>artifieioeiorem</strong></span> <span class='ocrx_word' id='word_1_55' title='bbox 877 1023 1000 1086; x_wconf 84' lang='lat' dir='ltr'><strong>fistulam</strong></span> 
     </span>
     <span class='ocr_line' id='line_1_9' title="bbox 106 1108 1000 1196; baseline 0.017 -23"><span class='ocrx_word' id='word_1_56' title='bbox 106 1115 180 1176; x_wconf 84' lang='lat' dir='ltr'><strong>fietis</strong></span> <span class='ocrx_word' id='word_1_57' title='bbox 202 1135 220 1174; x_wconf 87' lang='lat' dir='ltr'><strong>e</strong></span> <span class='ocrx_word' id='word_1_58' title='bbox 241 1115 315 1174; x_wconf 83' lang='lat' dir='ltr'><strong>tubis</strong></span> <span class='ocrx_word' id='word_1_59' title='bbox 339 1108 456 1196; x_wconf 74' lang='lat' dir='ltr'><strong>(aiios)</strong></span> <span class='ocrx_word' id='word_1_60' title='bbox 478 1115 660 1196; x_wconf 78' lang='lat' dir='ltr'><strong>compositam</strong></span> <span class='ocrx_word' id='word_1_61' title='bbox 680 1118 784 1196; x_wconf 76' lang='lat' dir='ltr'><strong>finisse3</strong></span> <span class='ocrx_word' id='word_1_62' title='bbox 806 1131 836 1182; x_wconf 89' lang='lat' dir='ltr'><strong>ct</strong></span> <span class='ocrx_word' id='word_1_63' title='bbox 850 1127 1000 1188; x_wconf 79' lang='lat' dir='ltr'><strong>Theocriti</strong></span> 
     </span>
     <span class='ocr_line' id='line_1_10' title="bbox 41 1215 1000 1306; baseline 0.008 -28"><span class='ocrx_word' id='word_1_64' title='bbox 41 1271 45 1278; x_wconf 93' lang='lat'>.</span> <span class='ocrx_word' id='word_1_65' title='bbox 106 1216 134 1274; x_wconf 86' lang='lat' dir='ltr'><strong>in</strong></span> <span class='ocrx_word' id='word_1_66' title='bbox 157 1217 179 1276; x_wconf 94' lang='grc' dir='ltr'><strong>Ι.</strong></span> <span class='ocrx_word' id='word_1_67' title='bbox 197 1216 235 1276; x_wconf 89' lang='lat' dir='ltr'><strong>id.</strong></span> <span class='ocrx_word' id='word_1_68' title='bbox 257 1238 285 1277; x_wconf 85' lang='lat' dir='ltr'><strong>v.</strong></span> <span class='ocrx_word' id='word_1_69' title='bbox 300 1223 360 1278; x_wconf 74' lang='lat'><strong>129</strong></span> <span class='ocrx_word' id='word_1_70' title='bbox 382 1217 511 1296; x_wconf 81' lang='lat' dir='ltr'><strong>Daplruis</strong></span> <span class='ocrx_word' id='word_1_71' title='bbox 531 1215 653 1280; x_wconf 85' lang='lat' dir='ltr'><strong>fistulam</strong></span> <span class='ocrx_word' id='word_1_72' title='bbox 674 1223 760 1282; x_wconf 78' lang='lat' dir='ltr'><strong>hahet</strong></span> <span class='ocrx_word' id='word_1_73' title='bbox 780 1244 847 1284; x_wconf 88' lang='lat' dir='ltr'><strong>cera</strong></span> <span class='ocrx_word' id='word_1_74' title='bbox 863 1227 1000 1306; x_wconf 77' lang='lat' dir='ltr'><strong>junctam,</strong></span> 
     </span>
     <span class='ocr_line' id='line_1_11' title="bbox 106 1309 1047 1398; baseline 0.017 -23"><span class='ocrx_word' id='word_1_75' title='bbox 106 1337 172 1396; x_wconf 73' lang='lat' dir='ltr'><strong>urps</strong></span> <span class='ocrx_word' id='word_1_76' title='bbox 196 1318 298 1393; x_wconf 72' lang='grc' dir='ltr'><em>χειλος</em></span> <span class='ocrx_word' id='word_1_77' title='bbox 324 1309 463 1392; x_wconf 73' lang='lat' dir='ltr'><strong>iliacus,</strong></span> <span class='ocrx_word' id='word_1_78' title='bbox 500 1339 572 1398; x_wconf 87' lang='lat' dir='ltr'><strong>quae</strong></span> <span class='ocrx_word' id='word_1_79' title='bbox 599 1321 675 1385; x_wconf 86' lang='lat' dir='ltr'><strong>circa</strong></span> <span class='ocrx_word' id='word_1_80' title='bbox 705 1324 807 1384; x_wconf 81' lang='lat' dir='ltr'><strong>lelium</strong></span> <span class='ocrx_word' id='word_1_81' title='bbox 837 1326 999 1392; x_wconf 73' lang='lat' dir='ltr'><strong>inflectitur.</strong></span> <span class='ocrx_word' id='word_1_82' title='bbox 1044 1391 1047 1398; x_wconf 80' lang='grc'><em>,</em></span> 
     </span>
     <span class='ocr_line' id='line_1_12' title="bbox 106 1411 999 1511; baseline 0.018 -33"><span class='ocrx_word' id='word_1_83' title='bbox 106 1418 162 1478; x_wconf 79' lang='lat' dir='ltr'>Alii</span> <span class='ocrx_word' id='word_1_84' title='bbox 182 1417 294 1479; x_wconf 78' lang='lat' dir='ltr'><strong>listulas</strong></span> <span class='ocrx_word' id='word_1_85' title='bbox 315 1418 368 1478; x_wconf 77' lang='lat' dir='ltr'><strong>ciui</strong></span> <span class='ocrx_word' id='word_1_86' title='bbox 384 1418 546 1480; x_wconf 87' lang='lat' dir='ltr'><strong>efficiebant</strong></span> <span class='ocrx_word' id='word_1_87' title='bbox 567 1411 673 1496; x_wconf 83' lang='lat' dir='ltr'><strong>decem,</strong></span> <span class='ocrx_word' id='word_1_88' title='bbox 695 1427 743 1486; x_wconf 90' lang='lat' dir='ltr'><strong>olii</strong></span> <span class='ocrx_word' id='word_1_89' title='bbox 760 1429 896 1506; x_wconf 83' lang='lat' dir='ltr'><strong>undecim,</strong></span> <span class='ocrx_word' id='word_1_90' title='bbox 919 1435 999 1511; x_wconf 84' lang='lat' dir='ltr'><strong>quia-</strong></span> 
     </span>
     <span class='ocr_line' id='line_1_13' title="bbox 107 1518 1032 1610; baseline 0.019 -30"><span class='ocrx_word' id='word_1_91' title='bbox 107 1519 197 1580; x_wconf 86' lang='lat' dir='ltr'><strong>decim</strong></span> <span class='ocrx_word' id='word_1_92' title='bbox 218 1518 264 1580; x_wconf 71' lang='lat' dir='ltr'><strong>iel</strong></span> <span class='ocrx_word' id='word_1_93' title='bbox 286 1519 369 1580; x_wconf 87' lang='lat' dir='ltr'><strong>unius</strong></span> <span class='ocrx_word' id='word_1_94' title='bbox 391 1528 421 1580; x_wconf 89' lang='lat' dir='ltr'><strong>et</strong></span> <span class='ocrx_word' id='word_1_95' title='bbox 442 1522 545 1604; x_wconf 80' lang='lat' dir='ltr'><strong>viginti</strong></span> <span class='ocrx_word' id='word_1_96' title='bbox 566 1545 733 1600; x_wconf 85' lang='lat' dir='ltr'><strong>cannarum,</strong></span> <span class='ocrx_word' id='word_1_97' title='bbox 767 1549 883 1610; x_wconf 84' lang='lat' dir='ltr'><strong>quarum</strong></span> <span class='ocrx_word' id='word_1_98' title='bbox 904 1555 998 1598; x_wconf 88' lang='lat' dir='ltr'><strong>nume·</strong></span> <span class='ocrx_word' id='word_1_99' title='bbox 1029 1525 1032 1530; x_wconf 42' lang='lat'><strong><em>¹</em></strong></span> 
     </span>
     <span class='ocr_line' id='line_1_14' title="bbox 106 1622 999 1704; baseline 0.025 -26"><span class='ocrx_word' id='word_1_100' title='bbox 106 1641 182 1693; x_wconf 84' lang='lat' dir='ltr'><strong>rum,</strong></span> <span class='ocrx_word' id='word_1_101' title='bbox 205 1629 287 1680; x_wconf 86' lang='lat' dir='ltr'><strong>erant</strong></span> <span class='ocrx_word' id='word_1_102' title='bbox 307 1622 492 1702; x_wconf 76' lang='lat' dir='ltr'><strong>interpretes,</strong></span> <span class='ocrx_word' id='word_1_103' title='bbox 514 1625 562 1704; x_wconf 85' lang='lat' dir='ltr'><strong>qui</strong></span> <span class='ocrx_word' id='word_1_104' title='bbox 582 1634 615 1686; x_wconf 88' lang='lat' dir='ltr'><strong>ut</strong></span> <span class='ocrx_word' id='word_1_105' title='bbox 634 1629 794 1692; x_wconf 83' lang='lat' dir='ltr'><strong>minuerent</strong></span> <span class='ocrx_word' id='word_1_106' title='bbox 802 1627 919 1698; x_wconf 79' lang='lat' dir='ltr'><strong>temere</strong></span> <span class='ocrx_word' id='word_1_107' title='bbox 940 1647 999 1699; x_wconf 78' lang='lat' dir='ltr'><strong>sttr-</strong></span> 
     </span>
     <span class='ocr_line' id='line_1_15' title="bbox 107 1721 999 1820; baseline 0.02 -39"><span class='ocrx_word' id='word_1_108' title='bbox 107 1723 212 1782; x_wconf 83' lang='lat' dir='ltr'><strong>debant</strong></span> <span class='ocrx_word' id='word_1_109' title='bbox 234 1721 403 1802; x_wconf 79' lang='lat' dir='ltr'><strong>(Wernrd.</strong></span> <span class='ocrx_word' id='word_1_110' title='bbox 423 1733 512 1798; x_wconf 66' lang='lat' dir='ltr'><strong>poet.</strong></span> <span class='ocrx_word' id='word_1_111' title='bbox 534 1733 610 1788; x_wconf 74' lang='lat' dir='ltr'><strong>min.</strong></span> <span class='ocrx_word' id='word_1_112' title='bbox 632 1731 668 1801; x_wconf 95' lang='lat' dir='ltr'><strong>ll,</strong></span> <span class='ocrx_word' id='word_1_113' title='bbox 689 1754 716 1811; x_wconf 81' lang='lat' dir='ltr'><strong>p.</strong></span> <span class='ocrx_word' id='word_1_114' title='bbox 739 1735 832 1818; x_wconf 73' lang='grc'>384);</span> <span class='ocrx_word' id='word_1_115' title='bbox 860 1739 999 1820; x_wconf 74' lang='lat' dir='ltr'><strong>Polyphe-</strong></span> 
     </span>
     <span class='ocr_line' id='line_1_16' title="bbox 106 1821 1089 1902; baseline 0.022 -20"><span class='ocrx_word' id='word_1_116' title='bbox 106 1843 167 1882; x_wconf 87' lang='lat' dir='ltr'><strong>mus</strong></span> <span class='ocrx_word' id='word_1_117' title='bbox 189 1824 289 1884; x_wconf 77' lang='lat' dir='ltr'><strong>Ovidii</strong></span> <span class='ocrx_word' id='word_1_118' title='bbox 301 1821 479 1898; x_wconf 72' lang='lat' dir='ltr'><strong>Meu-Xlll,</strong></span> <span class='ocrx_word' id='word_1_119' title='bbox 495 1834 558 1888; x_wconf 79' lang='lat'><strong>784</strong></span> <span class='ocrx_word' id='word_1_120' title='bbox 579 1830 663 1889; x_wconf 85' lang='lat' dir='ltr'><strong>etiarn</strong></span> <span class='ocrx_word' id='word_1_121' title='bbox 684 1842 796 1894; x_wconf 81' lang='lat' dir='ltr'><strong>centurn</strong></span> <span class='ocrx_word' id='word_1_122' title='bbox 817 1841 999 1902; x_wconf 73' lang='lat' dir='ltr'>arundinibus</span> <span class='ocrx_word' id='word_1_123' title='bbox 1085 1846 1089 1852; x_wconf 73' lang='grc'>’</span> 
     </span>
     <span class='ocr_line' id='line_1_17' title="bbox 106 1906 999 2005; baseline 0.018 -21"><span class='ocrx_word' id='word_1_124' title='bbox 106 1932 219 1984; x_wconf 86' lang='lat' dir='ltr'><strong>montes</strong></span> <span class='ocrx_word' id='word_1_125' title='bbox 241 1927 382 1984; x_wconf 78' lang='lat' dir='ltr'><strong>et=undos</strong></span> <span class='ocrx_word' id='word_1_126' title='bbox 402 1906 597 2005; x_wconf 81' lang='lat' dir='ltr'><strong>pererepabat.</strong></span> <span class='ocrx_word' id='word_1_127' title='bbox 641 1931 817 1995; x_wconf 76' lang='lat' dir='ltr'><strong>interamnae</strong></span> <span class='ocrx_word' id='word_1_128' title='bbox 839 1940 875 1996; x_wconf 89' lang='lat' dir='ltr'><strong>ad</strong></span> <span class='ocrx_word' id='word_1_129' title='bbox 896 1941 999 2000; x_wconf 85' lang='lat' dir='ltr'><strong>Narem</strong></span> 
     </span>
     <span class='ocr_line' id='line_1_18' title="bbox 108 2021 1000 2108; baseline 0.022 -25"><span class='ocrx_word' id='word_1_130' title='bbox 108 2021 230 2106; x_wconf 79' lang='lat' dir='ltr'><strong>(Tenui)</strong></span> <span class='ocrx_word' id='word_1_131' title='bbox 252 2025 444 2108; x_wconf 81' lang='lat' dir='ltr'><strong>Stollbergius</strong></span> <span class='ocrx_word' id='word_1_132' title='bbox 466 2029 568 2088; x_wconf 81' lang='lat' dir='ltr'><strong>Comes</strong></span> <span class='ocrx_word' id='word_1_133' title='bbox 595 2029 716 2093; x_wconf 80' lang='lat' dir='ltr'><strong>fistulam</strong></span> <span class='ocrx_word' id='word_1_134' title='bbox 738 2038 870 2098; x_wconf 80' lang='lat' dir='ltr'><strong>oudielrat</strong></span> <span class='ocrx_word' id='word_1_135' title='bbox 896 2061 949 2101; x_wconf 81' lang='lat' dir='ltr'><strong>sex</strong></span> <span class='ocrx_word' id='word_1_136' title='bbox 970 2045 1000 2102; x_wconf 83' lang='lat' dir='ltr'><strong>el</strong></span> 
     </span>
     <span class='ocr_line' id='line_1_19' title="bbox 106 2126 999 2222; baseline 0.022 -37"><span class='ocrx_word' id='word_1_137' title='bbox 106 2126 211 2206; x_wconf 78' lang='lat' dir='ltr'><strong>viginti</strong></span> <span class='ocrx_word' id='word_1_138' title='bbox 232 2127 400 2187; x_wconf 85' lang='lat' dir='ltr'><strong>calamorum</strong></span> <span class='ocrx_word' id='word_1_139' title='bbox 407 2173 429 2202; x_wconf 66' lang='lat'><strong>‚,</strong></span> <span class='ocrx_word' id='word_1_140' title='bbox 443 2129 506 2207; x_wconf 83' lang='lat' dir='ltr'><strong>qui3</strong></span> <span class='ocrx_word' id='word_1_141' title='bbox 537 2152 556 2190; x_wconf 88' lang='lat' dir='ltr'><strong>a</strong></span> <span class='ocrx_word' id='word_1_142' title='bbox 576 2134 672 2194; x_wconf 80' lang='lat' dir='ltr'><strong>sexies</strong></span> <span class='ocrx_word' id='word_1_143' title='bbox 692 2133 754 2198; x_wconf 83' lang='lat' dir='ltr'><strong>lere</strong></span> <span class='ocrx_word' id='word_1_144' title='bbox 785 2141 868 2222; x_wconf 74' lang='lat' dir='ltr'><strong>digiti</strong></span> <span class='ocrx_word' id='word_1_145' title='bbox 890 2144 999 2222; x_wconf 84' lang='lat' dir='ltr'><strong>pollicis</strong></span> 
     </span>
     <span class='ocr_line' id='line_1_20' title="bbox 106 2227 998 2318; baseline 0.021 -32"><span class='ocrx_word' id='word_1_146' title='bbox 106 2227 156 2286; x_wconf 84' lang='lat' dir='ltr'><strong>vix</strong></span> <span class='ocrx_word' id='word_1_147' title='bbox 177 2227 212 2285; x_wconf 85' lang='lat' dir='ltr'><strong>ad</strong></span> <span class='ocrx_word' id='word_1_148' title='bbox 231 2228 319 2286; x_wconf 32' lang='lat' dir='ltr'><strong>,unius</strong></span> <span class='ocrx_word' id='word_1_149' title='bbox 347 2229 553 2308; x_wconf 68' lang='lat' dir='ltr'><strong>longitudinem</strong></span> <span class='ocrx_word' id='word_1_150' title='bbox 574 2233 785 2310; x_wconf 76' lang='lat' dir='ltr'><strong>decrescentes,</strong></span> <span class='ocrx_word' id='word_1_151' title='bbox 818 2243 896 2316; x_wconf 83' lang='lat' dir='ltr'><strong>nulla</strong></span> <span class='ocrx_word' id='word_1_152' title='bbox 923 2265 998 2318; x_wconf 88' lang='lat' dir='ltr'><strong>cera,</strong></span> 
     </span>
     <span class='ocr_line' id='line_1_21' title="bbox 106 2325 999 2406; baseline 0.021 -20"><span class='ocrx_word' id='word_1_153' title='bbox 106 2325 161 2386; x_wconf 81' lang='lat' dir='ltr'><strong>iilis</strong></span> <span class='ocrx_word' id='word_1_154' title='bbox 184 2327 274 2406; x_wconf 80' lang='lat' dir='ltr'><strong>aptati</strong></span> <span class='ocrx_word' id='word_1_155' title='bbox 295 2334 392 2396; x_wconf 86' lang='lat' dir='ltr'><strong>erant,</strong></span> <span class='ocrx_word' id='word_1_156' title='bbox 423 2334 453 2384; x_wconf 88' lang='lat' dir='ltr'><strong>et</strong></span> <span class='ocrx_word' id='word_1_157' title='bbox 474 2329 510 2385; x_wconf 89' lang='lat' dir='ltr'><strong>ud</strong></span> <span class='ocrx_word' id='word_1_158' title='bbox 531 2328 605 2388; x_wconf 89' lang='lat' dir='ltr'><strong>ictus</strong></span> <span class='ocrx_word' id='word_1_159' title='bbox 626 2333 750 2394; x_wconf 84' lang='lat' dir='ltr'><strong>citharae</strong></span> <span class='ocrx_word' id='word_1_160' title='bbox 771 2340 896 2400; x_wconf 85' lang='lat' dir='ltr'><strong>novitiae</strong></span> <span class='ocrx_word' id='word_1_161' title='bbox 915 2345 999 2404; x_wconf 82' lang='lat' dir='ltr'><strong>italo-</strong></span> 
     </span>
     <span class='ocr_line' id='line_1_22' title="bbox 105 2423 1000 2525; baseline 0.029 -45"><span class='ocrx_word' id='word_1_162' title='bbox 105 2447 168 2490; x_wconf 70' lang='lat' dir='ltr'><strong>rum</strong></span> <span class='ocrx_word' id='word_1_163' title='bbox 191 2425 385 2505; x_wconf 71' lang='lat' dir='ltr'><strong>(Mondoline)</strong></span> <span class='ocrx_word' id='word_1_164' title='bbox 406 2423 511 2498; x_wconf 83' lang='lat' dir='ltr'><strong>infleti,</strong></span> <span class='ocrx_word' id='word_1_165' title='bbox 544 2449 599 2487; x_wconf 94' lang='lat' dir='ltr'><strong>non</strong></span> <span class='ocrx_word' id='word_1_166' title='bbox 622 2431 772 2512; x_wconf 83' lang='lat' dir='ltr'><strong>injucunde</strong></span> <span class='ocrx_word' id='word_1_167' title='bbox 793 2439 829 2498; x_wconf 88' lang='lat' dir='ltr'><strong>ad</strong></span> <span class='ocrx_word' id='word_1_168' title='bbox 850 2441 925 2522; x_wconf 84' lang='lat' dir='ltr'><strong>ejus,</strong></span> <span class='ocrx_word' id='word_1_169' title='bbox 952 2447 1000 2525; x_wconf 81' lang='lat' dir='ltr'><strong>qui</strong></span> 
     </span>
     <span class='ocr_line' id='line_1_23' title="bbox 105 2525 1027 2624; baseline 0.026 -42"><span class='ocrx_word' id='word_1_170' title='bbox 105 2525 209 2608; x_wconf 81' lang='lat' dir='ltr'><strong>procul</strong></span> <span class='ocrx_word' id='word_1_171' title='bbox 231 2530 308 2595; x_wconf 84' lang='lat' dir='ltr'><strong>erat,</strong></span> <span class='ocrx_word' id='word_1_172' title='bbox 340 2531 423 2586; x_wconf 83' lang='lat' dir='ltr'><strong>aures</strong></span> <span class='ocrx_word' id='word_1_173' title='bbox 445 2529 599 2604; x_wconf 81' lang='lat' dir='ltr'><strong>sanciant,</strong></span> <span class='ocrx_word' id='word_1_174' title='bbox 614 2547 616 2550; x_wconf 89' lang='grc'><strong><em>·</em></strong></span> <span class='ocrx_word' id='word_1_175' title='bbox 631 2532 774 2614; x_wconf 86' lang='lat' dir='ltr'><strong>aliquanto</strong></span> <span class='ocrx_word' id='word_1_176' title='bbox 796 2543 939 2624; x_wconf 78' lang='lat' dir='ltr'><strong>argutius,</strong></span> <span class='ocrx_word' id='word_1_177' title='bbox 972 2548 999 2609; x_wconf 84' lang='lat' dir='ltr'><strong>si</strong></span> <span class='ocrx_word' id='word_1_178' title='bbox 1024 2571 1027 2584; x_wconf 78' lang='lat'><em>=</em></span> 
     </span>
     <span class='ocr_line' id='line_1_24' title="bbox 104 2625 999 2726; baseline 0.028 -42"><span class='ocrx_word' id='word_1_179' title='bbox 104 2645 197 2708; x_wconf 78' lang='lat' dir='ltr'><strong>prope</strong></span> <span class='ocrx_word' id='word_1_180' title='bbox 210 2625 382 2688; x_wconf 76' lang='lat' dir='ltr'><strong>aoeedolras.</strong></span> <span class='ocrx_word' id='word_1_181' title='bbox 424 2629 487 2690; x_wconf 84' lang='lat' dir='ltr'><strong>Hoc</strong></span> <span class='ocrx_word' id='word_1_182' title='bbox 507 2635 733 2713; x_wconf 70' lang='lat' dir='ltr'><strong>symphoniacum</strong></span> <span class='ocrx_word' id='word_1_183' title='bbox 754 2641 901 2717; x_wconf 84' lang='lat' dir='ltr'><strong>silvestre,</strong></span> <span class='ocrx_word' id='word_1_184' title='bbox 923 2649 999 2726; x_wconf 86' lang='lat' dir='ltr'><strong>quod</strong></span> 
     </span>
     <span class='ocr_line' id='line_1_25' title="bbox 108 2725 998 2826; baseline 0.022 -38"><span class='ocrx_word' id='word_1_185' title='bbox 108 2730 185 2790; x_wconf 85' lang='lat' dir='ltr'><strong>dicto</strong></span> <span class='ocrx_word' id='word_1_186' title='bbox 205 2725 277 2794; x_wconf 80' lang='lat' dir='ltr'><strong>artie</strong></span> <span class='ocrx_word' id='word_1_187' title='bbox 297 2727 435 2789; x_wconf 83' lang='lat' dir='ltr'><strong>varietate</strong></span> <span class='ocrx_word' id='word_1_188' title='bbox 456 2739 567 2793; x_wconf 77' lang='lat' dir='ltr'><strong>suenum</strong></span> <span class='ocrx_word' id='word_1_189' title='bbox 582 2744 666 2818; x_wconf 22' lang='lat' dir='ltr'><strong>serat,</strong></span> <span class='ocrx_word' id='word_1_190' title='bbox 694 2746 727 2798; x_wconf 87' lang='lat' dir='ltr'><strong>ut</strong></span> <span class='ocrx_word' id='word_1_191' title='bbox 745 2743 865 2824; x_wconf 53' lang='lat' dir='ltr'><strong>,elegans</strong></span> <span class='ocrx_word' id='word_1_192' title='bbox 885 2747 998 2826; x_wconf 81' lang='lat' dir='ltr'><strong>taleque</strong></span> 
     </span>
     <span class='ocr_line' id='line_1_26' title="bbox 109 2828 998 2923; baseline 0.025 -35"><span class='ocrx_word' id='word_1_193' title='bbox 109 2828 270 2899; x_wconf 85' lang='lat' dir='ltr'><strong>efficerent,</strong></span> <span class='ocrx_word' id='word_1_194' title='bbox 303 2835 336 2886; x_wconf 89' lang='lat' dir='ltr'><strong>ut</strong></span> <span class='ocrx_word' id='word_1_195' title='bbox 356 2838 434 2890; x_wconf 88' lang='lat' dir='ltr'><strong>recte</strong></span> <span class='ocrx_word' id='word_1_196' title='bbox 455 2840 486 2892; x_wconf 89' lang='lat' dir='ltr'><strong>et</strong></span> <span class='ocrx_word' id='word_1_197' title='bbox 512 2835 675 2914; x_wconf 83' lang='lat' dir='ltr'><strong>simpliciter</strong></span> <span class='ocrx_word' id='word_1_198' title='bbox 697 2851 828 2915; x_wconf 86' lang='lat' dir='ltr'><strong>sonaret,</strong></span> <span class='ocrx_word' id='word_1_199' title='bbox 861 2845 946 2923; x_wconf 86' lang='lat' dir='ltr'><strong>idque</strong></span> <span class='ocrx_word' id='word_1_200' title='bbox 965 2857 998 2910; x_wconf 88' lang='lat' dir='ltr'><strong>ut</strong></span> 
     </span>
    </p>
   </div>
   <div class='ocr_carea' id='block_1_3' title="bbox 109 2927 1122 3028">
    <p class='ocr_par' dir='ltr' id='par_1_3' title="bbox 109 2927 1122 3028">
     <span class='ocr_line' id='line_1_27' title="bbox 109 2927 1122 3028; baseline 0.021 -38"><span class='ocrx_word' id='word_1_201' title='bbox 109 2930 234 2990; x_wconf 81' lang='lat' dir='ltr'><strong>suaviter</strong></span> <span class='ocrx_word' id='word_1_202' title='bbox 255 2927 403 2990; x_wconf 86' lang='lat' dir='ltr'><strong>inflarent:</strong></span> <span class='ocrx_word' id='word_1_203' title='bbox 425 2933 496 2994; x_wconf 85' lang='lat' dir='ltr'><strong>hoec</strong></span> <span class='ocrx_word' id='word_1_204' title='bbox 517 2956 564 2994; x_wconf 86' lang='lat' dir='ltr'><strong>res</strong></span> <span class='ocrx_word' id='word_1_205' title='bbox 586 2939 817 3028; x_wconf 81' lang='lat' dir='ltr'><strong>exercitationem</strong></span> <span class='ocrx_word' id='word_1_206' title='bbox 837 2946 999 3024; x_wconf 74' lang='lat' dir='ltr'><strong>mquiretst</strong></span> <span class='ocrx_word' id='word_1_207' title='bbox 1119 2991 1122 3016; x_wconf 85' lang='lat'><em>.</em></span> 
     </span>
    </p>
   </div>
   <div class='ocr_carea' id='block_1_4' title="bbox 109 3029 1037 3524">
    <p class='ocr_par' dir='ltr' id='par_1_4' title="bbox 109 3029 1037 3524">
     <span class='ocr_line' id='line_1_28' title="bbox 109 3029 997 3117; baseline 0.017 -27"><span class='ocrx_word' id='word_1_208' title='bbox 109 3037 139 3090; x_wconf 90' lang='lat' dir='ltr'><strong>et</strong></span> <span class='ocrx_word' id='word_1_209' title='bbox 158 3029 337 3102; x_wconf 81' lang='lat' dir='ltr'><strong>facultatem,</strong></span> <span class='ocrx_word' id='word_1_210' title='bbox 371 3036 458 3109; x_wconf 81' lang='lat' dir='ltr'><strong>quam&#39;</strong></span> <span class='ocrx_word' id='word_1_211' title='bbox 473 3055 531 3093; x_wconf 91' lang='lat' dir='ltr'><strong>non</strong></span> <span class='ocrx_word' id='word_1_212' title='bbox 559 3037 673 3096; x_wconf 84' lang='lat' dir='ltr'><strong>cuilibet</strong></span> <span class='ocrx_word' id='word_1_213' title='bbox 700 3048 828 3117; x_wconf 70' lang='lat' dir='ltr'><strong>pasmres</strong></span> <span class='ocrx_word' id='word_1_214' title='bbox 848 3046 997 3110; x_wconf 71' lang='lat' dir='ltr'><strong>&#39;lllreocriti</strong></span> 
     </span>
     <span class='ocr_line' id='line_1_29' title="bbox 109 3129 996 3222; baseline 0.009 -32"><span class='ocrx_word' id='word_1_215' title='bbox 109 3129 193 3191; x_wconf 86' lang='lat' dir='ltr'><strong>facile</strong></span> <span class='ocrx_word' id='word_1_216' title='bbox 219 3133 421 3191; x_wconf 79' lang='lat' dir='ltr'><strong>concedebant.</strong></span> <span class='ocrx_word' id='word_1_217' title='bbox 446 3143 449 3148; x_wconf 87' lang='grc'><strong>“</strong></span> <span class='ocrx_word' id='word_1_218' title='bbox 470 3134 590 3220; x_wconf 83' lang='lat' dir='ltr'><strong>Manilio¹</strong></span> <span class='ocrx_word' id='word_1_219' title='bbox 612 3138 767 3222; x_wconf 79' lang='lat' dir='ltr'><strong>Astrologo</strong></span> <span class='ocrx_word' id='word_1_220' title='bbox 794 3152 911 3210; x_wconf 85' lang='lat' dir='ltr'><strong>auctore</strong></span> <span class='ocrx_word' id='word_1_221' title='bbox 936 3150 996 3212; x_wconf 89' lang='lat' dir='ltr'><strong>dul.</strong></span> 
     </span>
     <span class='ocr_line' id='line_1_30' title="bbox 110 3231 1037 3315; baseline 0.024 -27"><span class='ocrx_word' id='word_1_222' title='bbox 110 3231 221 3289; x_wconf 87' lang='lat' dir='ltr'><strong>cissime</strong></span> <span class='ocrx_word' id='word_1_223' title='bbox 249 3231 278 3288; x_wconf 91' lang='lat' dir='ltr'><strong>id</strong></span> <span class='ocrx_word' id='word_1_224' title='bbox 303 3231 383 3291; x_wconf 88' lang='lat' dir='ltr'><strong>inflat</strong></span> <span class='ocrx_word' id='word_1_225' title='bbox 408 3241 515 3312; x_wconf 82' lang='lat' dir='ltr'><strong>pastor,</strong></span> <span class='ocrx_word' id='word_1_226' title='bbox 542 3235 589 3315; x_wconf 89' lang='lat' dir='ltr'><strong>qni</strong></span> <span class='ocrx_word' id='word_1_227' title='bbox 617 3238 669 3296; x_wconf 85' lang='lat' dir='ltr'><strong>sub</strong></span> <span class='ocrx_word' id='word_1_228' title='bbox 693 3241 790 3302; x_wconf 88' lang='lat' dir='ltr'><strong>haedis</strong></span> <span class='ocrx_word' id='word_1_229' title='bbox 818 3249 995 3312; x_wconf 84' lang='lat' dir='ltr'><strong>nascebatur.</strong></span> <span class='ocrx_word' id='word_1_230' title='bbox 1035 3267 1037 3272; x_wconf 80' lang='grc'>’</span> 
     </span>
     <span class='ocr_line' id='line_1_31' title="bbox 111 3331 995 3420; baseline 0.021 -31"><span class='ocrx_word' id='word_1_231' title='bbox 111 3331 243 3390; x_wconf 82' lang='lat' dir='ltr'><strong>Moschus</strong></span> <span class='ocrx_word' id='word_1_232' title='bbox 261 3331 310 3401; x_wconf 94' lang='grc' dir='ltr'>ΙΙΙ,</span> <span class='ocrx_word' id='word_1_233' title='bbox 329 3341 367 3394; x_wconf 83' lang='grc'><strong>83</strong></span> <span class='ocrx_word' id='word_1_234' title='bbox 387 3335 484 3394; x_wconf 81' lang='lat' dir='ltr'><strong>laudet</strong></span> <span class='ocrx_word' id='word_1_235' title='bbox 496 3335 595 3409; x_wconf 77' lang='lat' dir='ltr'><strong>iliona,</strong></span> <span class='ocrx_word' id='word_1_236' title='bbox 615 3339 663 3418; x_wconf 87' lang='lat' dir='ltr'><strong>qui</strong></span> <span class='ocrx_word' id='word_1_237' title='bbox 680 3350 778 3420; x_wconf 81' lang='lat' dir='ltr'><strong>postor</strong></span> <span class='ocrx_word' id='word_1_238' title='bbox 795 3342 904 3406; x_wconf 75' lang='lat' dir='ltr'><strong>listulas</strong></span> <span class='ocrx_word' id='word_1_239' title='bbox 920 3353 995 3407; x_wconf 90' lang='lat' dir='ltr'><strong>stru-</strong></span> 
     </span>
     <span class='ocr_line' id='line_1_32' title="bbox 113 3431 996 3524; baseline 0.02 -35"><span class='ocrx_word' id='word_1_240' title='bbox 113 3431 195 3491; x_wconf 85' lang='lat' dir='ltr'><strong>xerit.</strong></span> <span class='ocrx_word' id='word_1_241' title='bbox 239 3431 277 3490; x_wconf 79' lang='lat' dir='ltr'><strong>ut</strong></span> <span class='ocrx_word' id='word_1_242' title='bbox 292 3431 321 3490; x_wconf 90' lang='lat' dir='ltr'><strong>in</strong></span> <span class='ocrx_word' id='word_1_243' title='bbox 335 3433 433 3493; x_wconf 86' lang='lat' dir='ltr'><strong>Bionis</strong></span> <span class='ocrx_word' id='word_1_244' title='bbox 449 3435 574 3516; x_wconf 87' lang='lat' dir='ltr'><strong>reliquiis</strong></span> <span class='ocrx_word' id='word_1_245' title='bbox 593 3433 768 3522; x_wconf 76' lang='lat' dir='ltr'><strong>vituperatur</strong></span> <span class='ocrx_word' id='word_1_246' title='bbox 784 3443 900 3524; x_wconf 83' lang='lat' dir='ltr'><strong>aliquis,</strong></span> <span class='ocrx_word' id='word_1_247' title='bbox 920 3447 996 3524; x_wconf 78' lang='lat' dir='ltr'><strong>quod</strong></span> 
     </span>
    </p>
   </div>
   <div class='ocr_carea' id='block_1_5' title="bbox 0 0 1216 3994">
    <p class='ocr_par' dir='ltr' id='par_1_5' title="bbox 0 0 1216 3994">
     <span class='ocr_line' id='line_1_33' title="bbox 0 0 1216 3994; baseline 0 0"><span class='ocrx_word' id='word_1_248' title='bbox 0 0 1216 3994; x_wconf 95' lang='lat' dir='ltr'><strong> </strong></span> 
     </span>
    </p>
   </div>
  </div>
 </body>
</html>
