2424 3994
60 216 66 240 ¹
152 255 197 314 qe
397 239 577 302 actosa
600 241 620 298 ι.
647 245 793 300 ao-ao.

247 415 394 471 36-39,
438 407 501 468 Jam
531 405 660 486 intelligo
691 404 869 481 Amaryllidis
897 405 1056 486 tristitiam,

123 575 126 580 ,
162 531 212 571 eur
233 514 357 572 moesta
378 509 456 568 Deos
476 508 507 566 in
529 513 596 570 vota
616 505 774 577 vocaverit,
808 505 908 586 cuique
929 513 1060 567 maturos

162 611 353 678 inarboribuc
374 607 483 668 fractam
505 607 635 668 servarit.
678 607 800 684 Tityrus
818 605 932 680 aberatp
954 607 1057 680 omnis·
1082 632 1085 638 ¹

54 744 61 756 -
165 729 219 791 qua
236 718 290 770 ‘tun
309 729 358 771 rea
375 717 452 768 tuam
473 727 588 792 operam
608 707 797 779 desiderabat,
820 715 850 766 et
867 707 941 766 lrorti
963 714 992 766 et
1008 727 1061 786 pa·

163 830 232 872 seua
245 817 274 871 et
295 809 368 891 agri.
412 809 544 890 Ejusdem
556 810 625 891 pagi
641 808 742 878 incola,
764 823 939 887 quocumque
952 808 1058 868 inloco
1095 819 1100 830 ·

164 911 302 990 peculium
324 909 472 988 Amaryllis
494 909 626 992 conjugis
647 908 838 978 custodiebat,
868 909 974 967 tristem
997 910 1058 967 Me-

164 1012 273 1070 liboeus
294 1010 418 1073 viderat:
457 1009 553 1069 eadem
575 1009 720 1069 vicinitate
743 1009 827 1067 etiam
853 1015 980 1068 naturam
1008 1029 1058 1070 co·

165 1117 308 1190 graveret
328 1109 408 1169 fundi
423 1110 597 1195 Maronicivs
611 1115 660 1181 47,
684 1109 870 1188 equemootis
886 1111 959 1192 jugo
976 1131 1002 1173 v·
1016 1119 1060 1182 71,

168 1229 293 1293 campum
315 1227 395 1270 sunm
416 1211 557 1270 desertum
573 1211 792 1281 demonstrabat.
836 1209 900 1270 Dte·
922 1217 1059 1280 veterum,

167 1318 199 1369 ut
227 1311 274 1388 qui
306 1309 404 1389 procul
431 1310 578 1381 abessent,
610 1310 668 1370 elta
695 1329 793 1390 prece,
825 1330 910 1391 saepe
937 1311 1059 1386 clamore

168 1415 277 1467 tautum
290 1407 500 1469 advocabantur
510 1409 564 1470 Lb.
574 1409 597 1480 Ι,
609 1415 681 1475 347.
703 1413 838 1492 Fruges
859 1423 1059 1472 materterae·

155 1509 251 1568 eam
266 1514 394 1568 extremo
412 1508 473 1568 sere
491 1510 566 1568 lulio
585 1518 651 1590 post
666 1519 758 1570 ortum
776 1513 928 1573 Caniculae
941 1513 991 1586 tx,
1002 1519 1059 1574 -49,

167 1608 302 1668 pomum
329 1611 418 1670 omnis
446 1610 554 1670 linctus
580 1612 730 1684 arboreus,
759 1627 817 1672 'nec
843 1614 916 1672 mala
942 1619 1071 1672 tantum.⁴

167 1709 208 1766 Ut
228 1708 303 1788 apud
323 1710 508 1770 Theocritum
525 1711 571 1781 lV,
597 1719 634 1774 12
658 1720 786 1772 arrneota
807 1721 939 1774 tenentur
960 1715 1061 1774 obsen-

169 1809 206 1870 tls
228 1811 351 1888 pastoris
371 1811 530 1871 desiderio:

236 1923 341 1991 Mugito
358 1925 454 1979 vitulae
466 1933 599 1996 ’quaerunt
615 1942 740 1985 revocare
755 1929 907 1984 bubulcum:

169 2009 210 2071 lta
231 2011 284 2069 hoc
311 2012 375 2071 loeo
403 2013 492 2081 bruti,
526 2032 633 2089 pascua
659 2021 689 2073 et
716 2015 780 2092 agri
801 2015 899 2094 Tityri
925 2023 1063 2079 resonant

168 2108 319 2178 desiderio,
342 2110 416 2188 quod
437 2109 610 2187 Amaryllida
630 2110 715 2169 babet
727 2119 757 2170 et
777 2132 895 2192 paucam
917 2116 978 2197 ejus
998 2113 1062 2174 foe-

116 2213 118 2216 '
168 2213 273 2280 taram3
295 2205 331 2269 ef.
352 2209 397 2280 X,
421 2216 556 2271 13-15.
599 2211 724 2285 Rana,
748 2211 855 2296 Binan
876 2215 984 2278 Piraeo
1003 2215 1060 2288 L,

170 2327 234 2370 cum
244 2316 361 2388 propter
379 2308 501 2398 fructum
515 2318 545 2371 ct
566 2312 773 2385 amoenitatem,
796 2321 855 2374 tum
871 2317 945 2396 qaod
968 2335 1062 2375 aeram

169 2407 269 2490 apibus
291 2417 321 2470 et
347 2412 498 2489 erytbacen
522 2413 688 2489 praebebat,
722 2411 880 2478 indoctis
906 2397 1064 2476 habebatur

169 2504 235 2576 Vll,
259 2512 308 2568 aa.
330 2509 385 2568 Lb.
408 2510 459 2578 lV,
485 2518 555 2570 112.
592 2513 715 2579 Eoum
736 2515 792 2574 vici
812 2517 915 2574 Audiui
937 2517 1064 2576 indicant

169 2623 289 2686 pascua,
318 2626 392 2687 quae
412 2609 510 2670 Mincii
533 2611 666 2689 palustris
687 2615 724 2672 ad
745 2622 827 2693 prata
848 2616 1023 2676 silvestribus
1041 2637 1063 2680 ,e

170 2703 287 2767 collibus
303 2705 389 2776 1X,r
411 2706 629 2782 descendebant,
653 2719 683 2772 et
703 2714 748 2774 vel
770 2715 865 2774 calore
887 2717 995 2779 aestivo
1016 2717 1062 2778 vel

169 2803 331 2884 priusquam
353 2805 440 2864 barba
461 2808 617 2870 metebatur
638 2810 831 2896 irrigabantur
842 2817 892 2890 ΙΙΙ,
909 2827 978 2878 111.
1000 2816 1063 2876 llos

170 2901 207 2963 ud
228 2901 337 2974 fontes,
359 2912 392 2964 ut
413 2907 594 2972 meridianum
616 2912 703 2972 solam
725 2915 838 2989 vitaret,
860 2919 959 2989 umbra
978 2919 1062 2976 Ama·

170 3001 249 3078 ryllis
270 3023 332 3066 cum
352 3025 444 3086 pauco
475 3029 569 3090 grege
589 3031 642 3069 suo
664 3016 846 3088 consederat,
878 3003 983 3100 Tityro
1005 3024 1062 3076 tarn

168 3103 268 3180 procul
288 3104 405 3167 absente
428 3127 453 3169 v.
466 3099 528 3170 bi.¹
551 3111 731 3175 Morientis
753 3117 940 3190 arboribus,
963 3117 1062 3177 arbu-

168 3206 241 3273 stis,
266 3203 346 3266 ulmis
368 3206 516 3284 imprimis,
538 3229 627 3291 agros
649 3217 817 3275 conserebat
838 3217 949 3298 Virgilii
971 3218 1064 3298 patria

168 3301 232 3360 Lib.
256 3303 291 3375 ll,
317 3312 387 3367 273.
411 3315 482 3378 290,
504 3329 577 3388 quos
597 3331 700 3392 agros,
732 3315 829 3374 mediis
851 3318 925 3376 inter
946 3318 1064 3378 arbores

172 3403 272 3486 spatiis
298 3406 426 3470 vicerim
455 3408 491 3466 ad
523 3411 734 3493 mandragendn
761 3417 879 3499 pedum,
915 3418 1067 3482 seminibus
