2394 3980
194 245 196 248 ’
281 272 504 366 ,nonnoso
523 225 570 333 ur.
599 259 743 335 unua
940 281 999 346 oe„

111 427 417 521 μήπω-11111111,
441 451 512 506 187.
534 440 594 502 sira
614 440 729 518 primam
747 440 890 500 materiam
911 441 999 501 uicit:

113 537 165 596 llio
185 540 284 622 igitur,
307 546 409 625 quippe
427 541 545 621 prioris
566 541 679 614 redas,
699 537 756 621 jara
778 542 870 600 omnia
890 561 988 602 eutar-

114 639 187 713 dr'a,
217 652 260 716 et,
289 647 415 723 quamvis
441 647 479 705 sit
504 648 728 730 coaffluant,
757 643 845 722 ipsum
866 645 990 702 coelom

112 747 331 823 tompooobotur
352 747 524 827 liquidissimi
546 745 678 809 aetheris,
696 745 744 842 lto
758 744 909 824 Lueretius
922 763 989 822 quo·

112 859 164 918 que
185 846 224 918 V,
254 854 325 910 431.
354 851 498 909 oscorum
524 867 650 918 rervm,
679 865 771 905 rerum
798 845 900 924 primas
922 845 991 905 dieit
1118 863 1120 870 ’

111 943 252 1026 origines,
281 948 310 1008 id
332 955 390 1024 est,
414 949 488 1028 quod
510 949 601 1018 addit,
624 955 734 1019 terroe,
756 947 849 1018 maris,
871 947 943 1007 coeli
963 954 995 1006 et

7 1084 8 1088 ,
83 1045 300 1110 'animantium
362 1048 499 1122 Antaeo,
542 1055 592 1107 abr
617 1032 703 1106 Lacr.
730 1049 760 1121 l,
793 1056 870 1122 7163
904 1041 991 1127 ψυχή

109 1143 138 1204 iu
161 1149 265 1228 Orphei
278 1153 330 1224 fr.
353 1151 433 1209 XlX.
458 1151 506 1222 [l].
549 1149 718 1228 Ltqntdns'
739 1153 832 1227 igonis
849 1150 868 1208 i.
888 1169 914 1208 o.
933 1150 993 1208 lim·
1023 1169 1041 1237 ¹,
1071 1131 1073 1138 ¹

108 1246 191 1326 pidos
211 1251 288 1332 ignis
308 1253 394 1312 Lunr.
416 1252 464 1322 Vl,
487 1258 557 1312 204.
578 1251 632 1308 hoe
652 1251 715 1309 loeo
737 1250 846 1322 dieitur,
868 1251 916 1328 qni
937 1270 994 1309 ma·

109 1348 155 1428 gis
188 1353 286 1412 aetber
317 1352 372 1412 diei
406 1352 561 1413 consuevit.
609 1349 723 1410 Orbem
754 1355 883 1425 mado,
918 1353 937 1412 i.
967 1373 992 1412 1.

109 1455 235 1514 coelura
260 1455 337 1514 orbe
364 1473 516 1527 onnam,
544 1453 695 1512 Lueretius
722 1473 832 1532 qunque
859 1454 898 1526 V,
922 1458 993 1515 511.

110 1570 206 1616 eoram
234 1554 441 1618 convexitatem
466 1554 592 1614 ¹aetheris
617 1563 771 1614 extremam
800 1555 885 1628 dicit,
920 1573 1000 1634 qnae.

110 1655 178 1716 orbe
198 1658 330 1720 volvitur.
396 1659 503 1717 Tener
537 1656 563 1715 is
592 1655 668 1714 orbis
693 1675 750 1714 noo
777 1665 892 1736 propter
912 1677 994 1736 prae-

111 1765 218 1818 sentem
254 1761 430 1838 iuventutem
468 1757 582 1826 dieitur,
626 1757 700 1834 quod
739 1777 831 1837 genus
868 1759 924 1817 hb.
956 1761 992 1833 ll,

111 1865 182 1922 343.
211 1865 328 1919 tenerae
354 1878 401 1918 res
422 1864 530 1928 terrae3
563 1856 763 1933 sedquoniam
785 1853 995 1936 praecaeteris

108 1961 206 2018 mundi
243 1959 369 2038 partibus
402 1978 441 2017 ex
471 1955 630 2016 tenerrimis
660 1957 785 2015 exordiis
812 1957 906 2018 faetus
936 1967 994 2019 esta

110 2078 194 2137 quom
222 2061 368 2121 durantem
396 2059 574 2119 teneritatem
602 2057 703 2117 Cinero
730 2059 773 2119 N.
800 2061 846 2120 D.
873 2062 914 2133 ll,
946 2067 996 2135 25,

110 2159 222 2222 Plinius
242 2163 284 2234 ΙΙ,
306 2169 337 2224 7.
359 2169 389 2221 et
409 2161 570 2220 Marcianus
592 2161 707 2239 Capella
728 2173 896 2242 agnoscunt.
925 2165 997 2224 Gro-

111 2262 158 2322 ria
186 2271 282 2324 terrae
301 2263 490 2340 nemusculo,
517 2261 770 2337 qood‘Lunretios
796 2266 837 2324 eit
857 2267 897 2336 V,
925 2271 997 2338 450,

111 2362 236 2423 intimum
267 2364 359 2422 locum
391 2362 420 2418 in
458 2360 550 2418 medio
577 2369 764 2438 occuparunt3
792 2369 855 2438 ¹tum
882 2363 998 2442 priorum

112 2467 235 2524 nebulae
260 2464 352 2522 instar
379 2481 421 2520 ex·
444 2462 617 2520 condensata
644 2481 737 2521 massa
761 2464 848 2524 multo
876 2463 1000 2523 minores

111 2586 161 2625 res
184 2565 288 2646 igneae
309 2563 379 2624 levis
401 2562 536 2637 aetheris,
561 2555 659 2626 ⁴laeves
678 2570 709 2623 et
729 2567 882 2638 rotundae,
905 2567 999 2627 evola-

110 2667 196 2738 bont,
227 2673 256 2726 et
282 2666 386 2725 nircum
413 2666 625 2736 sternebantur,
659 2673 798 2746 tamquam
824 2668 997 2730 involuerum

114 2770 236 2849 aliquod,
258 2769 310 2827 sub
332 2787 387 2846 quo
408 2769 509 2827 stallae
528 2775 658 2827 errantes
678 2767 849 2829 ferebantur.
891 2770 997 2830 Postea

114 2871 150 2928 od
182 2889 259 2929 mare
291 2869 479 2946 recipiendum
510 2889 593 2948 quum
620 2877 715 2929 terroe
740 2867 804 2948 pars
831 2871 997 2942 subsideret,
1023 2929 1027 2934 ,

115 2972 268 3050 tellusque,
295 2968 409 3029 astitere
430 2977 460 3028 et
480 2972 541 3029 sole
561 2971 687 3040 siceota„
711 2971 786 3029 salso
808 2971 912 3029 sudore
933 2991 998 3051 pro·

117 3071 232 3132 fundum
253 3070 397 3150 expleret,
419 3071 483 3129 dum
503 3071 580 3130 eirea
601 3091 672 3130 saxa
693 3070 836 3130 horrentia
857 3074 999 3134 molliores

117 3174 205 3234 ualles
226 3173 469 3252 deprimebantur:
506 3173 587 3250 pluro
608 3167 718 3251 quoque
739 3172 812 3233 levia
833 3177 999 3254 corpuscula

118 3274 232 3353 vaporis
262 3281 292 3333 et
325 3274 400 3334 utria
431 3293 463 3333 se
496 3274 672 3346 extulerunt,
704 3281 735 3334 'et
761 3276 833 3335 eoeli
858 3275 999 3357 fulgentio

119 3376 222 3454 templa
242 3377 441 3437 narraverunt.
485 3375 533 3435 Sio
554 3382 649 3436 terroe
669 3384 802 3437 nonanto
823 3378 910 3436 moles
931 3397 999 3438 eon·

59 3475 65 3490 ⁶
123 3477 209 3552 stitit,
230 3463 383 3560 coagulata
402 3478 491 3538 totius
510 3497 549 3537 ex
569 3478 693 3553 annno,
716 3486 758 3550 et,
781 3478 935 3548 defoecata,
957 3479 999 3537 ni-
