2392 3986
203 261 271 324 {80
455 252 610 314 uacat
632 253 679 314 iv,
703 257 850 315 ar-sc.
917 321 919 326 ,

267 431 399 500 Lugubu's
415 449 498 500 regno
516 432 647 503 portendit
662 432 754 486 ianm-a
770 431 848 498 belli3

268 517 419 586 inceditque
435 517 517 572 sames
534 533 674 587 numquam
691 532 751 571 cum
764 519 824 584 jore
841 521 943 572 colente
973 555 977 560 -

268 603 326 656 Nec
342 603 478 667 damnum;
497 601 569 656 iestis
587 603 702 668 gaudent
718 602 886 672 hominesque
902 601 1003 656 diebus.

271 687 321 738 His
337 687 445 739 miiitum
463 688 539 739 telius
556 685 606 740 fert
622 685 734 751 victum,
752 687 778 738 in
797 686 926 740 urentibus
944 685 1003 738 altis

273 772 389 825 Quercus
407 786 469 838 apes
486 769 585 835 media,
609 769 717 834 glandes
734 769 812 824 babet
828 771 921 824 arbore
937 786 1051 823 summa:

272 853 448 920 Lanigerique
465 869 559 920 grtges
576 857 696 922 palantur
712 856 810 906 vellere
827 854 927 906 onusti:
1042 852 1047 864 ⁴

272 937 428 1003 Progeniem
446 938 555 990 similem
571 944 644 1006 partu
662 937 716 991 edit
732 937 844 992 ioemina
861 937 939 1006 patri,

272 1023 479 1091 Constantcrque
496 1022 571 1074 bonis
587 1023 696 1086 dorent,
714 1039 763 1076 uec
780 1022 888 1076 nasibus
904 1037 1028 1088 umquam

270 1108 345 1175 itque
361 1106 480 1175 reditque
497 1123 596 1172 genos,
614 1105 704 1172 irugcs
721 1108 797 1158 telius
813 1106 892 1159 babet
908 1107 986 1158 alma.

203 1225 369 1286 Bostram
391 1234 453 1286 erat
474 1228 509 1285 ad
532 1226 723 1286 discutiendas
738 1226 852 1307 glebas,
875 1226 1092 1286 ad'ruucandas

204 1327 419 1404 sarriendasque
455 1333 584 1408 segetes,
622 1347 695 1405 quae
727 1327 757 1385 iu
793 1327 932 1387 distinctis
965 1327 1092 1387 versibus

203 1427 343 1486 sulcorum
365 1433 445 1486 satae
467 1434 549 1487 eraut
570 1428 624 1487 ib.
647 1429 677 1500 Ι,
709 1433 760 1489 94.
784 1433 859 1500 155;
882 1431 974 1502 fade·
995 1428 1032 1486 ad
1052 1425 1093 1487 vi·

204 1533 249 1586 tes
270 1517 408 1607 putandas
429 1527 490 1588 lici.
512 1531 553 1601 ΙΙ,
574 1535 632 1601 70,
653 1536 851 1601 uuncautem,
874 1549 958 1608 quum
979 1527 1092 1586 inutiles

203 1627 331 1707 palmites
358 1648 415 1688 nou
443 1629 560 1709 amplius
582 1631 725 1703 emittant,
757 1650 794 1689 ne
814 1629 963 1710 putatione
983 1629 1092 1707 quidem

203 1735 332 1814 egentes.
374 1730 467 1790 Etiam
496 1737 585 1792 tenax
611 1731 729 1812 argilla,
761 1751 834 1810 quoe
860 1730 939 1812 prius
960 1730 1092 1810 ingentes

202 1829 304 1917 glebas
334 1832 507 1914 subigendas
532 1833 699 1912 praebebat,
735 1837 765 1891 et
785 1832 895 1892 validos
916 1843 1034 1890 muros
1057 1827 1092 1888 ad

101 1969 104 1976 ·
202 1934 339 1998 nandum
363 1929 439 2013 (nam
460 1933 554 1996 vaccis
575 1934 665 1994 leuior
681 1941 759 1993 terro
776 1929 923 2014 orabatur)
946 1939 976 1990 ct
997 1918 1091 1990 robu-

205 2046 292 2100 stam
313 2047 480 2092 aratorem
500 2033 662 2110 requirebat
682 2034 736 2092 Lb.
759 2033 799 2105 ΙΙ,
832 2041 903 2103 236,
932 2033 1009 2090 nulia
1028 2035 1092 2110 post
1179 2111 1180 2116 ἵ

204 2134 314 2194 cultura
333 2131 442 2192 fructus
463 2131 546 2191 ieret.
589 2132 675 2192 ilain.
700 2133 730 2193 C
746 2133 831 2192 babet
848 2135 919 2191 banc
933 2134 1091 2211 pedestrem

204 2234 433 2314 compositionem
471 2233 634 2294 verborum:
679 2234 753 2294 Noas
785 2239 940 2313 patiemur
973 2231 1091 2292 danus

204 2349 334 2397 rastros
348 2343 378 2396 et
390 2337 522 2411 falcem·
545 2335 581 2395 B
595 2337 751 2397 robustis.
795 2337 834 2395 At
845 2336 873 2394 io
896 2335 957 2415 ipsu
979 2338 1091 2394 taum

203 2439 287 2497 etiarn
308 2439 419 2498 roboris
434 2438 476 2500 vis
498 2438 586 2510 inest3
608 2439 658 2497 sed
670 2440 825 2498 robustus
847 2449 966 2496 arator
988 2436 1091 2496 celsum

202 2538 337 2598 rusticum
358 2538 468 2619 pingit,
491 2538 539 2615 qui
560 2545 656 2598 aratro
677 2539 792 2598 fortiter
812 2537 946 2598 incumbit
963 2537 1017 2609 ΙΙΙ,
1040 2544 1090 2599 42.

288 2637 389 2699 Mulier
417 2639 678 2716 quoqueGraecae
703 2659 792 2711 oues,
819 2639 949 2700 meliores
977 2639 1091 2698 meliore

203 2738 306 2819 pabulo
327 2737 434 2810 iactae,
464 2738 575 2801 nativos
596 2761 666 2800 suus
685 2742 811 2814 colores,
838 2741 962 2812 iisscum,
990 2738 1091 2801 domn

203 2849 233 2900 et
254 2840 366 2900 rutilum
388 2841 443 2901 Lb.
466 2841 522 2913 ΙΙΙ,
546 2849 622 2912 386,
643 2863 695 2902 sua
706 2853 807 2928 sponte
829 2843 1009 2913 ardentibus,
1031 2839 1091 2919 qui·

202 2943 254 3002 bus
276 2963 323 3004 ars
344 2939 459 3004 inficere
480 2943 604 3015 solebat,
626 2965 781 3024 purpurae,
813 2945 905 3016 croci,
928 2944 1006 3003 cocci
1033 2961 1091 3001 mu·

202 3045 303 3104 tabunt
330 3045 487 3117 coloribus,
523 3045 571 3123 qui
599 3045 783 3105 laudatissimi
808 3053 891 3106 cnut
912 3045 941 3103 iu
964 3043 1090 3122 antiqui·
1178 3093 1179 3102 ,

201 3153 276 3208 latei
289 3177 333 3191 -
375 3147 508 3206 Pretiosa
525 3149 684 3227 pelagia,
702 3167 859 3225 purpura
880 3146 941 3206 sive
956 3157 1089 3214 ostrum,

204 3250 304 3308 multas
315 3249 350 3307 ad
368 3269 433 3307 oras
445 3247 529 3306 maris
546 3249 760 3319 mediterranei,
783 3248 866 3306 etiam
888 3247 924 3305 ad
946 3246 1089 3305 Oceanum

203 3351 370 3418 Gaetulum,
392 3350 443 3407 sed
465 3347 585 3408 maxime
600 3348 694 3408 nitens
708 3349 782 3428 Tyri
797 3347 898 3421 fiebat,
920 3368 958 3407 ex
971 3348 1088 3426 liquore,

203 3451 299 3529 quiin
321 3449 440 3509 candida
462 3469 534 3512 rena
555 3449 630 3510 iutra
651 3449 748 3510 fauces
770 3451 888 3530 plurium
910 3451 1087 3518 concharum,
