2392 3986
190 237 255 297 1⁷0
436 229 590 288 ECLOGA
612 229 659 288 lV.
683 233 829 290 18—25.
879 253 885 259 ·

188 399 264 455 dum
290 401 451 456 rusticum
474 393 502 474 ι’)
534 403 564 455 et
595 393 781 474 Perpreeea
799 395 850 475 ΡΙ)
889 396 1074 473 appellatum,
1182 379 1183 384 ἵ

187 496 348 554 llioscoridi
368 495 429 577 ssa)
458 496 554 574 planta
580 495 718 564 fruticosa
744 504 775 556 et
795 497 832 555 ad
853 516 976 556 coronas
997 499 1077 558 utilis

187 603 246 668 est,
268 598 348 675 cujus
366 618 408 655 ‹ex
431 597 539 670 radice,
563 596 763 654 cinnamomum
782 597 927 656 redolente
948 605 978 656 et
999 599 1076 679 nigri

187 697 321 756 hellebori
351 697 448 767 simili,
483 697 570 753 caulis
592 697 764 776 angulosus,
793 697 965 774 aliquantum
992 719 1076 778 asper

187 806 216 856 et
242 798 371 856 cubitalis
398 796 552 856 altitudinis
585 816 647 854 cum
679 797 805 858 verrucis
837 799 945 878 surgit,
974 819 1076 879 aspera

186 899 256 957 folia
276 897 386 968 ferens,
415 898 496 976 albae
517 898 609 956 violae
630 898 705 957 band
731 897 887 970 dissimilia,
917 919 978 958 cum
999 899 1075 959 flori-

187 1001 238 1058 bus
260 998 445 1057 albicantibus
467 1002 664 1076 purpnraceis,
692 1018 809 1076 quorum
832 999 905 1056 mitis
928 1006 958 1058 et
979 1002 1076 1063 suavis

187 1101 272 1172 odor,
297 1108 370 1158 teste
391 1100 544 1159 Plutarcho
566 1103 678 1180 Spmp.
701 1101 750 1169 ΙΙΙ,
776 1109 804 1169 1,
825 1119 953 1158 securum
974 1110 1075 1179 potan-

187 1202 268 1260 tibns'
283 1221 412 1280 soporem
441 1201 533 1262 affert.
578 1202 658 1258 Hanc
686 1219 796 1278 qnoque
823 1201 946 1277 plantam
968 1200 1075 1280 (nostri

186 1303 311 1361 bomines
332 1323 394 1360 eam
421 1300 586 1382 ignorant),
617 1320 698 1379 quum
727 1301 827 1358 ictibus
850 1301 1022 1378 serpentium
1044 1309 1073 1361 et

185 1402 366 1461 fascinationi
388 1402 546 1459 mederetur
573 1402 632 1472 Vll,
663 1409 711 1471 27,
735 1403 770 1459 ad
792 1403 962 1460 commodam
985 1385 1074 1483 signi-

185 1502 345 1561 ficationem
366 1501 523 1560 faciendam
545 1509 634 1579 polita.
647 1503 799 1579 prudenter
821 1503 918 1582 elegit.
961 1491 1073 1562 Delta·
1182 1493 1183 1514 ¹

185 1603 240 1661 lico
262 1599 418 1672 acantho,
446 1603 492 1680 qui
514 1609 630 1680 propter
652 1603 723 1660 bene
745 1609 836 1660 tortos
858 1622 959 1680 scapos
981 1611 1011 1661 et
1031 1603 1074 1662 fo-

185 1703 225 1761 lia
252 1703 357 1786 insigni
386 1711 551 1792 ornamento
580 1704 761 1782 topiariorum
800 1710 862 1760 erat
888 1723 915 1763 v.
944 1704 991 1774 ΙΙΙ,
1024 1709 1073 1765 45.

186 1803 350 1874 Fundere,
373 1805 483 1862 abunde
502 1803 576 1862 ferre
589 1804 645 1874 IX,
668 1812 717 1863 41.
764 1805 968 1862 Colocasiam
980 1807 1074 1884 appel·

179 1905 282 1964 vlabant
303 1907 423 1964 Romani
438 1905 782 1982 fadamAegtffitiam,
804 1925 960 1984 optumam
984 1907 1072 1990 cujus,

187 2013 260 2064 teste
282 2005 515 2086 Dioscoride†),
545 2007 585 2064 ita
606 2009 715 2062 rudia·
737 2012 842 2062 tantum
865 2005 978 2083 proprie
1001 2006 1074 2064 dice·

186 2105 277 2162 batur.
320 2105 432 2162 Eximio
453 2105 563 2181 planta,
592 2123 663 2180 quae
691 2103 718 2160 in
740 2103 855 2160 lacubus
877 2110 907 2160 et
927 2107 1074 2182 paludibus

186 2210 248 2263 erat
269 2204 394 2285 Aegypti
416 2210 445 2262 et
465 2204 565 2274 Asiae,
588 2223 688 2281 scapos
710 2203 831 2262 habebat
848 2203 975 2284 digitalis
999 2227 1073 2266 cras·

186 2305 331 2378 situdinis,
353 2306 532 2387 longitudine
554 2313 674 2383 quatuor
697 2305 865 2376 cubitornm3
888 2303 973 2364 flores
994 2314 1074 2366 erant

186 2409 282 2467 colore
305 2429 405 2478 roseo,
440 2408 527 2486 duplo,
552 2409 673 2486 majores
702 2425 784 2484 quam
811 2406 974 2484 papaveris,
1003 2427 1073 2486 quos

186 2508 222 2565 ad
250 2527 371 2566 coronas
397 2507 539 2564 Nicander
557 2506 617 2585 ††)
656 2507 780 2564 adbiberi
814 2507 910 2584 jubet3
948 2514 978 2566 et
1010 2515 1074 2585 post

184 2606 269 2664 flores
291 2606 369 2663 cellis
382 2625 485 2670 semen
513 2605 649 2662 inclusum
671 2613 747 2675 erat,
780 2605 906 2667 favorum
929 2607 1071 2678 similibus,

186 2705 323 2783 equibus
354 2705 390 2763 ad
417 2704 539 2762 tricenas
570 2703 650 2763 fabas
677 2705 837 2765 exstabant.
880 2709 1074 2767 Vescebantur

254 2920 280 2987 ⁹)
317 2924 383 2972 Plio.
401 2921 425 2971 b.
443 2937 468 2970 a.
488 2921 558 2984 XXI,
578 2920 619 2972 16.
638 2922 696 2985 XII,
715 2921 761 2973 26.

254 3021 296 3086 ⁹⁶)
332 3021 367 3073 ib.
392 3023 463 3086 XXI,
487 3022 521 3073 77
545 3021 577 3073 cs.
601 3025 715 3074 Dioscor.
740 3022 815 3072 aotbn
830 3040 856 3089 p.
887 3020 937 3074 441
961 3021 1002 3074 ed.
1023 3024 1073 3074 Sa-

184 3125 276 3173 cocart.

253 3219 312 3289 ssa)
347 3226 432 3274 Diosc.
451 3221 547 3286 111‚51
567 3221 613 3289 (44
631 3225 669 3274 ed.
691 3222 834 3290 Spratpel.)

252 3321 286 3387 †)
321 3327 435 3374 Dtoscoc.
453 3322 486 3385 ΙΙ,
505 3321 563 3372 128.

253 3422 312 3488 ††)
347 3423 477 3474 nicona
492 3419 524 3472 fr.
544 3422 576 3471 x.
