2394 3980
200 225 266 301 re,
433 218 587 280 nonnos
607 218 654 278 vr.
675 221 846 282 ·rs-1r·.

198 386 276 450 sireis
298 387 418 447 Graecis
438 405 572 473 perquam
593 387 678 448 auriti
699 387 883 459 exhibentur,
904 385 992 459 ratri,
1014 385 1087 460 urai,

197 489 306 560 namu,
327 488 424 550 eolore
445 489 613 571 sanguineo,
635 489 768 550 cornibus
788 487 1088 570 ineinispgrnninau·

198 591 288 664 tibus,
311 598 340 650 at
361 589 457 650 caudis
480 590 589 669 equinis
611 592 656 651 vai
677 590 800 670 caprinis
821 589 938 664 additis3
959 579 1089 652 ioniam

200 713 279 764 vero,
301 691 404 752 eximie
419 693 642 770 posteaSilerrr'
655 692 798 773 appellati,
820 691 941 752 barbati.
984 692 1088 754 Poste·

85 823 88 832 ·
178 777 286 856 ¹tiores
307 791 441 863 artifices,
454 793 563 876 partim
585 793 750 872 capripedes
771 799 801 852 ot
822 793 1002 876 longioribus
1023 815 1087 854 eor·

196 897 279 959 nibus
300 894 486 976 affigentes,
508 895 543 954 ad
565 895 699 974 majorem
719 894 840 973 aliquam
861 895 970 954 Panum
989 894 1086 954 simiti-

196 999 321 1058 tudinem
343 1017 393 1057 eos
415 994 645 1056 conformabant:
667 996 720 1076 Ep.
735 997 824 1073 Myu.
846 998 883 1067 ΙΙ,
905 1005 956 1058 30.
1000 998 1086 1076 Saty·

195 1121 259 1172 rur,
281 1101 393 1160 Baoelro
415 1099 534 1158 educato
556 1098 768 1170 celeberrimus,
796 1099 895 1179 doetus
916 1102 1007 1158 senex
1028 1100 1084 1158 δι’·

196 1205 291 1264 lenus
313 1209 384 1274 erat,
405 1201 486 1280 cnjus
506 1220 606 1260 nornen
623 1200 659 1258 ad
671 1199 784 1258 Silenos
800 1199 974 1261 haereditata
990 1207 1085 1260 trans·

195 1304 243 1376 iit:
271 1304 396 1362 Pindaro
418 1308 535 1361 anatore
557 1322 575 1361 a
594 1301 843 1370 Maiaaoriundns
870 1308 947 1373 arat,
975 1307 1005 1361 et
1024 1295 1083 1366 Na-

190 1406 287 1485 jadem
308 1405 336 1463 in
358 1402 534 1462 matrimonio
556 1404 691 1476 hahebat3
713 1404 788 1482 quod
805 1402 854 1463 alii
870 1402 975 1474 dicunt,
996 1403 1083 1480 Nym·
1121 1419 1124 1427 ·

194 1507 275 1584 piram
297 1505 425 1574 Maiiam,
445 1523 520 1581 rpnae
540 1505 658 1573 Pholum
680 1504 717 1576 ei,
740 1507 912 1566 Centaurum
933 1504 1082 1577 Arcadiae,

195 1605 319 1686 peperit3
355 1606 541 1684 Theopompo
569 1603 685 1666 auctora
711 1603 799 1686 (Aer.
814 1607 853 1668 'v.
880 1606 908 1671 h.
930 1607 986 1677 lli,
1018 1608 1081 1688 18.)

195 1709 308 1767 Silenus
338 1708 373 1766 ab
402 1708 529 1786 Nympha
562 1709 653 1766 aditos
687 1715 759 1768 erat.
814 1709 919 1767 Amans¹
952 1706 1081 1768 omnibus

194 1829 255 1870 eum
277 1809 443 1891 gregalibus
464 1809 524 1868 suis
545 1807 663 1869 Iacchi
684 1809 744 1869 sine
764 1809 878 1881 Baeelri,
900 1808 1005 1868 alumni
1026 1808 1080 1879 sui,

135 1927 137 1934 ’
194 1919 291 1991 potura
319 1910 461 1984 furialem,
489 1911 650 1969 iresternam
676 1911 818 1990 crapulam
839 1911 920 1970 simul
943 1931 1005 1970 curn
1026 1911 1080 1970 ho-

192 2013 308 2072 diarnaa
341 2013 434 2090 initio,
452 2012 480 2070 in
513 2021 596 2070 antro
629 2011 752 2072 silvestri
783 2032 858 2072 nune
891 2013 1078 2073 edormietrat:

192 2131 265 2192 quaa
295 2112 410 2190 crepula
441 2117 534 2170 tannen
564 2119 694 2190 potorern'
718 2114 789 2172 adeo
818 2122 965 2194 expertum
992 2114 1078 2175 divini

191 2212 301 2276 ermari
322 2233 384 2272 noa¹
405 2219 478 2284 tana,
506 2214 581 2292 quod
603 2213 734 2297 irrisores
755 2213 783 2273 ei
803 2215 952 2294 objiciunt,
984 2224 1078 2277 ruente

191 2315 281 2396 repit,
304 2334 386 2393 quam
406 2316 443 2374 ad
464 2315 595 2374 sublimas
617 2323 717 2375 rantus
739 2317 895 2377 commovit.
930 2317 989 2396 ipsi
1010 2324 1077 2398 poti·

191 2423 253 2488 aer,
276 2416 396 2476 Horatio
414 2417 534 2496 jubante
555 2419 608 2496 Ep.
631 2419 657 2489 Ι,
682 2426 734 2492 19,
763 2439 834 2479 sana
855 2425 947 2478 manta
968 2420 997 2480 ri
1019 2419 1076 2481 vini

191 2517 314 2576 exuendi
335 2525 411 2588 sunt,
433 2525 465 2576 ut
487 2519 598 2595 Satyris
620 2525 649 2576 et
669 2519 775 2578 Faunis
796 2520 855 2580 suis
876 2521 1004 2580 Baenirus
1026 2541 1076 2588 eor

190 2624 364 2678 annumeret.
432 2619 471 2676 ut
507 2619 690 2698 Epicharmus
730 2629 812 2701 pater
856 2622 935 2683 brevi
971 2623 1076 2683 decidit
1179 2621 1180 2643 ¹

191 2712 324 2798 (Athen.
344 2717 421 2789 XiV,
444 2717 503 2800 6.):
525 2727 530 2738 '

289 2823 351 2877 Non
367 2823 549 2892 Dithyrarnbns
566 2833 615 2892 est,
633 2845 726 2896 aquarn
743 2827 766 2880 ri
782 2833 810 2882 tn
828 2829 903 2882 bibis.

188 2921 357 2982 Hesternam
378 2913 519 3002 crapulam
539 2924 621 2983 hodie
642 2924 836 2984 resuscitatam
856 2924 959 2996 fuisso,
983 2911 1074 2987 Sileni

190 3041 290 3094 reeens
307 3043 430 3083 corona
446 3028 537 3085 rrrodo
557 3045 621 3105 que
633 3028 774 3104 delapsa
787 3034 816 3085 et
827 3029 978 3087 cantharus
989 3029 1075 3088 etiarn

191 3141 266 3182 nuno
284 3142 300 3180 a
316 3143 399 3182 manu
418 3127 544 3202 pendens
560 3126 663 3186 indicio
676 3135 735 3201 ost3
757 3125 820 3188 narn
836 3129 864 3187 id
885 3129 996 3207 quidem
1016 3129 1074 3190 fer·

190 3223 319 3286 venfibur
336 3243 410 3282 nunc
427 3225 504 3285 horis
519 3227 575 3310 diei
592 3229 740 3310 agebatur,
762 3249 844 3308 quurn
861 3237 961 3290 oantnr
974 3232 1073 3292 subse·

186 3343 279 3402 quens
299 3324 434 3403 reliquam
450 3333 557 3388 tantam
572 3337 680 3410 partera
695 3331 751 3390 diei
765 3338 925 3411 oeenparet.
967 3334 1073 3392 Fortes

191 3431 305 3504 potores
325 3423 448 3488 fronton
472 3449 551 3490 ruam
577 3437 677 3492 serata
699 3453 716 3492 a
736 3431 882 3494 staurium
903 3440 937 3494 rt
952 3432 1070 3504 floribus
