2446 3972
188 216 255 279 rao
304 255 309 262 .
391 207 396 212 ·
429 204 585 266 ncnoen
607 205 682 280 ιιιι,
705 211 840 268 eo-ra

188 385 246 436 tum
273 375 414 434 imitetur:
453 376 528 454 quod
558 374 615 436 alia
642 375 741 455 lingna
768 373 818 434 vix
845 374 961 453 assequi
981 377 1083 454 possit.
1203 396 1204 400 ’

187 477 353 538 Hafniensis
377 477 407 537 C
423 477 508 536 habet
530 479 640 536 ducite
661 481 820 536 carmina.
975 547 980 556 ,

274 587 409 643 ‹se-71.
452 579 665 638 incantamenta
691 578 847 647 carminum¹
870 577 899 636 in
922 578 1031 636 eoelum
1055 585 1085 637 et

187 687 217 744 in
246 692 368 754 terram,
402 681 430 739 in
457 681 583 740 homines
611 700 668 738 aon
696 679 788 738 minus
815 699 897 757 quam
925 679 954 738 in
977 681 1084 740 hestiae
1121 700 1127 708 ·

101 807 105 814 ·
188 786 318 848 efficacia
344 788 420 842 sunt.
443 817 483 828 —
505 783 639 842 laeuum
666 785 706 841 de
727 784 820 842 eaelo
844 784 1022 854 deducere,
1052 787 1084 839 ut

189 909 257 950 snas
283 887 358 949 vires
386 886 414 944 in
442 885 545 944 herhas
574 885 735 962 despumet3
769 883 929 964 sanguineo
952 904 1014 942 eam
1035 903 1082 942 ru-

188 992 258 1052 bore
283 987 461 1060 suffundere,
498 993 549 1044 aut
574 1006 625 1065 pro
653 971 769 1045 libidine
798 985 944 1046 inversam
965 985 1083 1046 circum·

189 1111 295 1176 agere,
330 1087 477 1149 artificium
500 1093 563 1146 erat
584 1107 729 1168 magorum
757 1085 995 1148 Thessalam
1017 1107 1082 1165 pro·

190 1195 296 1275 prium,
328 1192 404 1270 qued
433 1198 533 1250 contra
561 1189 696 1248 nitentem
724 1189 892 1251 elamoribus
919 1197 949 1249 et
970 1190 1082 1250 aeribus

190 1295 337 1357 concussis
364 1291 529 1372 superstitio
557 1290 711 1352 defendere
738 1291 917 1371 opinabatur.
962 1292 1026 1350 lom
1053 1291 1082 1350 in

155 1403 157 1418 ¹
189 1395 388 1477 Aristophanis
409 1394 535 1452 Nubibus
556 1415 584 1454 v.
607 1399 668 1454 749
690 1393 793 1472 aliquis
814 1394 953 1472 loquitur:

291 1526 441 1580 veneficam
459 1543 510 1592 ego
527 1525 588 1576 mihi
606 1527 753 1595 comparem
771 1528 793 1580 si
811 1525 975 1590 Thessalam,

291 1607 392 1664 Lonim
410 1611 534 1662 decocto
552 1608 644 1683 doleam
659 1618 756 1678 nocto,
775 1610 837 1665 trine
855 1629 912 1664 eam

291 1693 381 1750 cistae
398 1685 528 1750 detineam
546 1695 693 1750 conclusam
710 1697 779 1751 intra
796 1694 930 1763 circulum,

291 1781 357 1836 Mihi
379 1779 461 1850 instar
477 1781 576 1849 speculi
593 1783 661 1850 quod
679 1781 727 1848 sit,
750 1783 839 1851 itaque
856 1779 956 1834 servem
974 1781 1081 1834 hahens.

188 1908 274 1967 Plato
300 1925 411 1986 quoque
437 1904 466 1964 in
496 1903 607 1985 Gorgia
628 1905 761 1984 jocatur,
789 1903 939 1964 Thessalis
961 1901 1082 1976 leminis,
1204 1921 1205 1940 ι

189 2009 291 2070 famam
314 2028 387 2078 csse,
409 2013 442 2064 ut
462 2007 556 2064 lunam
578 2007 727 2080 deducant,
751 2006 826 2066 inter
847 2004 1083 2066 familiarissimos
1204 2009 1205 2012 ’

190 2119 298 2172 tantum
331 2107 510 2188 contingere.
559 2107 715 2166 incredulis
748 2128 844 2168 coram
876 2109 943 2166 luna
972 2107 1084 2168 videtur

191 2211 335 2282 obstinata
355 2208 454 2269 luisse.
496 2209 607 2270 Plinius
628 2209 732 2280 XXX,
756 2218 773 2270 t
798 2210 908 2288 quaerit
930 2210 1083 2281 admirans,

190 2334 311 2395 quonam
333 2307 416 2373 modo
439 2319 469 2371 et
489 2313 601 2391 quando
622 2311 658 2372 ad
677 2317 780 2371 matres
798 2311 980 2383 Thessaliae,
1001 2330 1084 2390 quan

191 2418 264 2497 apud
279 2417 429 2476 Homerum
451 2414 583 2473 Chironis
605 2420 713 2474 tuntum
735 2420 798 2473 arte
818 2413 927 2472 medica
948 2421 978 2473 et
999 2413 1083 2472 laude

190 2519 291 2578 helliea
307 2516 456 2576 ,eelebrent
482 2535 561 2586 csse,
594 2521 676 2574 tanta
697 2515 834 2575 scientiae
855 2514 985 2596 magicae
1007 2497 1085 2576 lama

190 2619 365 2700 peruenerit,
396 2623 427 2674 ut
449 2636 605 2697 cognomen
629 2637 723 2677 euram
746 2617 794 2676 diu
815 2617 844 2676 in
867 2617 949 2676 ltalia
971 2637 1082 2695 quoque

190 2719 319 2780 obtinent
347 2712 460 2796 (nempe
487 2717 569 2790 illud,
600 2737 656 2796 quo
683 2725 785 2798 potens
807 2738 935 2798 quaeque
956 2717 1083 2780 venetica

189 2821 333 2884 Thessala
354 2816 537 2899 nominetur),
558 2819 674 2898 ipseque
695 2821 852 2880 Menander
872 2819 1005 2892 sahulem,
1028 2838 1082 2898 qua

189 2944 286 3006 nugae
306 2921 471 2982 feminarum
486 2923 587 2982 ¹lunam
608 2923 803 2982 deducentium
826 2923 998 3002 spectandae
1017 2941 1082 2999 pro-
1204 2957 1205 2962 κ

190 3033 347 3105 ponantur,
387 3019 587 3086 Thessalum
614 3025 868 3105 cognominaverit.
911 3024 1083 3084 Plutarchus

191 3129 231 3188 de
261 3146 349 3185 eree.
372 3127 438 3199 defi
461 3128 501 3186 ita
522 3128 553 3184 id
573 3127 754 3205 interpretari
777 3132 915 3186 conatur:
944 3125 1083 3205 Aglaoni·

191 3249 242 3290 een
277 3229 463 3300 Thessalam,
498 3228 635 3308 Agetoris
666 3225 766 3300 filiam,
796 3247 891 3288 rerum
918 3227 1083 3287 coelestium

191 3331 318 3409 peritam,
340 3328 452 3408 quando
474 3328 598 3404 futurum
620 3341 692 3401 erat,
714 3337 746 3390 ut
766 3331 835 3390 luno
856 3329 1003 3402 deficeret,
1024 3347 1084 3388 mu·

191 3430 308 3492 lienibus
340 3428 532 3508 persuasisse,
571 3431 664 3490 lunam
697 3452 729 3491 se
758 3432 795 3492 de
821 3434 903 3492 coelo
930 3433 1082 3493 devocem
1157 3511 1163 3530 ι
