2446 3972
383 229 540 294 ECLOGA
562 229 635 302 llll,
657 236 773 292 6-13.
963 239 1022 304 111

137 422 198 462 mae
220 401 379 482 popularis,
410 407 452 471 et,
473 399 508 459 ‘si
532 400 628 471 voles,
661 405 779 460 naturae
800 378 892 460 duxit.
935 401 1024 483 Illy·
1062 445 1065 450 -

123 505 257 576 lederem,
281 504 423 582 Illyria,
450 501 580 580 Illyria
602 501 842 580 septemtrionalis
866 521 919 560 ora
939 505 1024 562 moris

135 605 271 666 Adriatici
294 626 355 664 cum
378 603 461 684 vagis
480 602 607 662 terminis
630 603 792 662 dicebatur:
816 623 854 663 ex
876 611 1024 663 eonsuetu-

13 787 15 792 .
135 707 200 766 dine
222 708 257 775 ad
283 706 464 766 Occidentem
486 706 724 784 complectebatur
745 704 919 778 Liburniam,
942 724 1027 784 saepe

13 849 15 854 -
135 827 197 869 cum
227 808 312 868 lstria
341 807 378 865 ad
405 808 553 887 Tergeste
573 827 662 885 usque
684 816 713 867 et
735 808 771 867 ad
793 807 937 865 Orientem
959 808 1026 866 Dul-

14 909 15 934 ¹
135 911 263 985 metium3
294 927 381 987 quae,
410 908 438 966 iu
462 910 673 986 comparatione
692 917 834 970 terrarum
855 909 1028 968 Brundisina

134 1011 171 1070 ud
194 1012 329 1069 Scodram
351 1029 441 1088 usque
462 1010 577 1069 diducta
599 1008 651 1090 (lV
672 1013 775 1092 Arg),
798 1011 919 1069 rebelles
939 1012 1027 1069 Par·

133 1110 246 1171 eteros
272 1113 333 1172 sive
361 1113 521 1171 Parthenos
543 1131 604 1171 cum
627 1114 775 1192 conjurata
796 1111 866 1170 urhe
888 1114 1027 1172 Salonis
1120 1103 1125 1108 ’

134 1213 284 1273 continuit.
328 1215 428 1287 Poeta,
451 1215 516 1272 dum
539 1214 613 1272 uude
635 1220 664 1272 et
685 1229 740 1292 quo
756 1213 849 1271 Pollio
871 1233 939 1272 suus
961 1231 1026 1294 pro·

134 1313 297 1389 debeatur,
320 1317 414 1374 acrius
436 1315 556 1396 cogitat:
580 1314 692 1374 Utinam
714 1335 853 1394 umquam,
876 1317 1025 1388 exclamat,

133 1437 247 1478 carmen
270 1437 327 1499 ego
348 1425 378 1478 te
400 1417 526 1499 dignum,
548 1417 656 1477 victore
678 1423 707 1476 et
725 1418 867 1496 Sophocle
886 1415 1025 1508 Romano,

134 1540 239 1605 canere
261 1520 379 1599 possim!
416 1520 520 1578 Omnes
541 1539 617 1578 mear
639 1519 715 1578 vires
737 1521 884 1598 experiar!
912 1521 1026 1580 laterae
1075 1561 1088 1580 ι

134 1625 223 1693 huuc,
250 1630 299 1681 tuo
318 1623 401 1702 jussu
424 1631 531 1694 ortum,
560 1629 673 1680 cantum
693 1608 807 1700 accipe,
828 1621 959 1681 hederam
983 1623 1025 1680 in·
1115 1695 1119 1702 1

134 1733 179 1783 ter
201 1725 296 1782 lauros
318 1724 463 1784 victrices!
494 1723 550 1781 Ere
571 1743 740 1800 umquam,
764 1742 903 1801 quaereus
925 1731 955 1781 et
975 1743 1024 1802 op-

133 1833 199 1884 tans
222 1825 249 1895 l,
272 1833 322 1886 67.
366 1823 475 1892 Pollio,
498 1823 573 1898 quod
594 1823 715 1892 videtur,
738 1825 936 1899 tragoedias
958 1843 1025 1881 suas

132 1926 188 1998 lll,
225 1931 265 1983 86
296 1925 331 1981 ad
360 1923 499 2002 publicum
522 1941 601 1978 usum
625 1921 747 1978 nondum
770 1923 943 2002 eollegerat,
975 1924 1026 1982 sed

132 2026 264 2106 singulas
305 2031 429 2098 tantum,
474 2023 702 2102 quemadmodum
739 2023 876 2103 Virgilius
908 2025 1026 2112 eclogas

133 2147 216 2198 suas,
239 2127 381 2198 ediderat3
410 2127 522 2204 aliquae
543 2125 572 2184 in
595 2125 711 2185 Venetis
733 2133 879 2204 spectatae
901 2125 1025 2199 fueraut,

133 2230 183 2289 uhi
215 2249 291 2287 anuo
323 2228 455 2287 DCCXll
486 2226 599 2306 Virgilii
627 2233 756 2304 pastores
785 2245 834 2284 eas
862 2226 1026 2288 laudabant.

133 2332 227 2390 Etiam
250 2337 316 2408 post
337 2329 513 2405 triumphum,
535 2343 619 2404 quum
641 2325 824 2404 erepublica
846 2327 1025 2398 decessisset,

133 2433 164 2491 in
193 2429 351 2510 tragoediis
380 2427 580 2506 componendis
608 2423 665 2485 tam
693 2434 755 2486 erat
776 2425 908 2485 assiduus
929 2435 958 2486 et
979 2427 1026 2486 iu·
1082 2459 1087 2464 -

135 2531 277 2600 dustrius,
311 2535 343 2586 ut
363 2528 499 2589 Horatius
522 2531 546 2587 ll
570 2529 616 2587 od.
642 2541 672 2604 t,
701 2509 727 2590 9¹
743 2547 806 2592 cum
827 2530 956 2588 hortatus
978 2529 1025 2602 sit,

134 2641 168 2692 ut
196 2653 213 2691 a
238 2633 321 2690 Musa
347 2653 467 2694 severae
495 2631 662 2712 tragoediae
689 2631 894 2710 aliquantisper
921 2639 1024 2707 cesset,

135 2741 166 2794 et
187 2735 304 2805 demum,
328 2742 475 2813 postquam
497 2733 641 2792 historiam
664 2733 729 2792 belli
751 2734 841 2794 civilis
863 2735 1025 2813 perfecerit,
1127 2753 1136 2772 ‘-

135 2837 171 2896 ed
202 2836 312 2916 grande
344 2855 442 2893 mernus
473 2836 560 2893 Attici
590 2835 719 2893 cothurni
746 2835 854 2892 redeat.
907 2835 1025 2894 Servius

135 2957 204 3016 prae
230 2955 263 2995 se
290 2934 347 2993 sert
368 2935 532 3004 seientiam,
555 2935 711 2992 Pollionem
733 2933 761 2990 in
784 2941 904 3011 utruque
925 2935 1025 3015 lingua

135 3038 302 3119 tragoedias
324 3035 482 3114 scripsisse.
525 3035 610 3096 Sola
639 3029 820 3106 Sophocleo
844 3037 950 3114 {ligna
971 3057 1023 3096 co·

135 3136 255 3198 thorno
285 3138 303 3196 i.
327 3157 353 3196 e.
376 3137 482 3216 digna,
510 3139 664 3212 quaecum
688 3133 851 3193 sublimibus
873 3138 1024 3216 Sophoclis

135 3237 237 3298 sabulis
264 3238 459 3298 conferantur.
502 3235 581 3295 Varii
603 3238 761 3313 Thyestes,
794 3255 874 3316 quam
897 3241 1023 3298 Graeco-

136 3359 196 3398 rum
225 3341 340 3400 cuilihet
361 3339 553 3405 Quintilianus
574 3344 732 3416 comparat,
760 3341 846 3396 multo
868 3347 933 3417 post
955 3349 1023 3401 notu

21 3475 24 3480 ·
135 3440 236 3500 tiebat:
260 3459 341 3518 quum
364 3447 469 3512 essent,
491 3441 538 3518 qui
560 3437 717 3498 hereditate
738 3438 766 3497 id
789 3459 861 3519 opus
882 3459 900 3498 u
921 3443 1022 3501 Cossio
