2394 3980
370 243 764 336 naussum-71.
964 249 1013 312 so

131 408 251 469 tudinis·
270 411 446 490 depositione
478 413 629 490 depressae
658 411 768 490 pondus
794 409 890 482 Flac,
929 410 1012 469 etiem
1038 429 1041 434 ·

131 513 349 573 oonmendetor.
392 513 538 571 dohannes
559 513 686 570 Tnetzes
703 509 877 587 Byzantinus
898 511 1013 588 priorum

131 631 182 692 per
208 635 265 672 non
294 620 453 695 angustos,
487 613 536 672 sed
562 612 713 693 elegantia·
735 619 765 670 et
790 611 934 692 gravitate
960 611 1014 671 eir·

131 717 316 794 cumscriptos
346 714 449 774 limites
476 715 604 774 Graecae
630 713 750 791 rhythmi
771 713 937 794 agitationis
960 719 1016 789 tem

13 872 16 883 ,
130 836 216 878 saeve
243 817 335 896 rupit,
362 824 395 874 ut
424 835 515 876 novae
542 823 606 892 post
627 835 688 873 eum
711 813 817 874 formae
839 823 888 873 aut
910 813 1025 873 difficili*

70 923 72 932 ’
130 917 251 998 negotio
284 925 333 976 aut
354 916 436 995 plene
460 937 514 974 non
538 915 657 977 inveniri
680 916 797 993 possint.
840 916 946 975 Nostro
967 933 1017 972 uu-

130 1024 186 1076 tem
210 1018 306 1100 glorie
326 1037 362 1076 ne
384 1018 437 1088 sit,
459 1017 587 1076 versibus
608 1017 644 1075 ad
667 1017 852 1095 Byzantinum
875 1017 1017 1096 exemplar
1139 1033 1142 1038 ·

130 1119 284 1179 Germanis
306 1127 404 1178 contro
427 1117 575 1177 Homerum
598 1103 776 1196 concurrere,
799 1119 850 1176 sed
870 1119 906 1180 ed
929 1120 1017 1179 Grae-

129 1240 195 1280 cum
217 1209 361 1299 esenquer
377 1219 526 1280 Germanis
547 1239 608 1278 eum
631 1238 665 1277 eo
687 1218 867 1278 contendere.

204 1299 364 1386 'ot-rr.
408 1322 440 1380 ln
468 1321 604 1380 Helieone
632 1329 740 1390 moute,
769 1320 917 1401 Aganippe
938 1319 1018 1378 fonte

114 1422 166 1482 ‘ed
204 1425 314 1484 loevam
345 1422 460 1494 relieto,
497 1422 655 1480 Pausanias
691 1423 724 1480 od
741 1421 894 1481 ‘illuserunt
922 1441 1018 1480 neonus

129 1532 213 1584 reete
232 1525 422 1597 edseendeos,
453 1524 568 1604 primum
591 1523 740 1604 imaginem
762 1524 933 1602 Euphemes,
956 1523 1019 1581 Mu·

130 1645 228 1694 sarum,
256 1626 391 1698 nutricis,
423 1634 454 1684 et
474 1633 574 1704 postes
595 1625 718 1684 Linum
739 1626 768 1683 in
790 1646 877 1710 parva
898 1645 968 1704 rupe
989 1625 1017 1682 in

50 1756 53 1762 ·
129 1736 244 1786 sotrum
272 1729 370 1787 excise
397 1726 519 1797 invenit,
546 1726 592 1785 eui
618 1725 769 1804 quotannis
789 1734 855 1786 onte
876 1727 1019 1786 Muserum

129 1809 302 1888 sacrificium
334 1826 454 1886 inferiae
484 1826 657 1884 ferebantur.
712 1827 769 1883 lete
796 1827 901 1896 Linus,
938 1845 1019 1905 quem

129 1929 269 1989 Thebani
291 1949 308 1987 o
330 1929 503 2007 posteriore,
534 1927 654 1984 lomeniu
676 1926 877 2006 cognominato
892 1929 946 1997 lV,
969 1910 1018 1998 56,

129 2029 286 2110 Apollinis·
304 2028 379 2100 lilio,
394 2067 396 2072 ·
410 2030 558 2089 Herculem
587 2028 766 2100 instituente,
799 2027 1020 2110 distinguebant,

130 2134 169 2193 eb
193 2131 312 2192 'Uranie
343 2132 427 2191 trusa
459 2139 488 2191 et
515 2133 550 2190 eb
577 2129 769 2209 Amphionem,
802 2130 924 2209 Neptuni
950 2129 1045 2202 filios

132 2217 276 2315 originem
304 2233 401 2304 doxit3
426 2237 525 2291 'omnes
551 2232 677 2290 hominen
699 2239 729 2290 et
749 2232 873 2310 ejusdem
895 2239 926 2290 et
946 2232 1021 2310 prio·

131 2355 197 2394 rum
208 2332 352 2392 aetatium
375 2343 475 2392 centus
496 2333 589 2412 glorio
605 2333 763 2408 'supererit
786 2339 815 2389 et
830 2333 865 2390 ab
881 2332 1020 2410 Apolline,

132 2454 256 2516 quocum
278 2452 311 2491 se
331 2439 550 2512 eomparoverot,
573 2431 738 2492 interiectus
760 2439 812 2491 est.
836 2434 904 2513 lljus
920 2451 1020 2492 memo-
1089 2509 1096 2516 ι

133 2536 209 2594 riom
231 2541 363 2593 eeotores
385 2534 519 2614 peculiari
540 2541 683 2613 poemate,
712 2535 801 2595 Lino
823 2535 882 2596 sire
903 2534 1020 2595 Ails'ao

133 2638 230 2708 dioto,
261 2636 405 2710 eolelrout,
433 2637 522 2715 quod,
554 2635 781 2715 quemadmodum
803 2636 967 2696 llustetlrius
989 2638 1020 2698 ll.

133 2739 247 2810 thtt,
270 2745 341 2801 570.
363 2759 401 2798 ex
420 2739 554 2818 Euripide
575 2737 672 2809 refert,
695 2738 768 2798 iuter
788 2738 891 2799 loetum
913 2749 944 2799 et
963 2740 1021 2800 lee-

135 2841 230 2901 titiam
249 2841 414 2913 *eenebent,
447 2860 465 2900 a
497 2839 688 2910 confidentia,
721 2848 753 2898 ut
783 2839 909 2912 videtur,
937 2841 1022 2901 nimie

136 2948 229 3004 semet
250 2940 432 3001 dehorteturi.
475 2940 572 3006 {tuere
593 2939 751 2999 Hesiodus:

209 3074 354 3142 Ureoieque
373 3056 566 3124 Linum'oereur
584 3070 684 3139 peperit
701 3069 749 3121 sibl
766 3073 880 3138 prolem,
945 3079 947 3086 '

208 3161 307 3223 Quem,
331 3163 457 3226 quotquot
473 3162 604 3223 praestent
621 3155 736 3207 homines
754 3163 829 3208 eanto
847 3157 1002 3229 citharaque,

209 3244 306 3296 Omnes
322 3242 401 3310 inque
417 3239 501 3294 olro'ris
518 3243 619 3308 plorsot
635 3239 710 3293 lentis
727 3241 869 3310 epulisque,

208 3325 390 3396 Principioqoe
406 3325 500 3378 Linum
517 3327 642 3391 clament,
660 3327 771 3401 clament
787 3329 919 3382 abeuntes.

21 3517 24 3524 ⁴
137 3447 301 3506 Secundum
323 3445 446 3519 lelules,
479 3466 551 3526 quae
571 3446 728 3527 perierunt,
749 3447 854 3517 Linus,
876 3467 966 3526 aeque
986 3471 1021 3510 ee
