2392 3986
215 287 282 350 m}
306 275 460 338 scheer
483 273 528 333 lv.
552 269 784 365 ARGUMEN'H
803 267 1021 328 'subeunte

282 441 381 496 suune
397 438 576 507 magnesiam
594 437 684 494 videor
699 437 779 492 duces

211 561 233 592 ,ι
282 529 345 582 Non
362 527 485 579 indecoro
500 527 608 594 pulvere
625 522 743 576 sordidos
795 569 799 572 .

284 613 318 664 Et
335 617 427 664 cuncta
443 616 569 662 terrerum
587 609 703 672 subacta,

283 697 391 748 Praeter
408 699 521 746 amonem
538 691 651 744 animum
669 688 786 742 Catenis.

218 783 290 850 uuis
319 789 380 852 est,
416 780 464 858 qui
491 779 614 848 nesciat,
649 777 786 836 Catonem
817 773 930 854 signum
957 772 1107 832 liberorum
1194 780 1195 783 ’

217 883 323 943 fuisset
367 883 398 940 ln
426 899 526 946 severe
553 877 692 937 Pollionis
709 878 756 936 -de
779 875 923 952 ¹Cicerone
939 873 1050 953 judicio
1076 873 1107 932 ii·
1194 890 1195 895 ¹

218 986 286 1044 bera
306 990 399 1044 tamen
419 980 562 1042 confessio
578 979 685 1038 iuerat:
708 999 749 1039 ne
770 975 955 1038 miserandi
978 977 1125 1056 quidem¹

218 1091 334 1146 excitus
362 1105 434 1144 eum
456 1085 571 1158 seim
597 1100 634 1141 ee
652 1081 887 1156 judicaturam
918 1096 1007 1150 esse,
1042 1081 1108 1136 seiri

218 1193 293 1266 ὅρια
319 1185 390 1250 tm
413 1190 571 1246 miseram
594 1193 729 1242 murm
757 1191 913 1259 putasset
929 1176 969 1258 ’).
1017 1178 1109 1238 Etiam

219 1287 312 1348 Cassii
341 1293 372 1346 et
398 1281 481 1342 Bruti
502 1291 559 1342 tam
581 1280 710 1362 gloriosa
730 1280 834 1350 mentio
855 1279 969 1351 fiebat,·
985 1288 1019 1339 at
1041 1279 1108 1340 cre·

192 1385 193 1389 ’
219 1391 322 1448 mutius
349 1386 460 1444 Gordus
487 1382 651 1453 historicus,
689 1401 773 1460 quum
801 1381 853 1442 sub
882 1381 1002 1440 Tiberio
1037 1383 1109 1462 ejus·

146 1538 149 1544 .
219 1486 294 1546 medi
314 1487 378 1546 leus
399 1485 426 1544 ei
448 1483 557 1542 crimini
579 1484 710 1554 deretur,
738 1484 774 1542 ad
795 1482 923 1555 Livium,
951 1495 1033 1560 quem
1054 1483 1110 1542 Au·

220 1593 322 1669 guastus
349 1585 553 1665 Pompejanum
580 1584 743 1662 appellarit,
774 1591 804 1644 et
830 1585 868 1644 ad
895 1584 1025 1643 Asinium
1043 1583 1111 1650 Pet

220 1689 323 1748 tionem
344 1692 513 1766 provocaret
529 1682 586 1767 Ὃ.

305 1788 337 1846 iu
365 1786 488 1846 moribus
517 1781 646 1866 quoque,
676 1806 747 1866 ques
779 1793 842 1846 ratu
874 1785 951 1846 facte
973 1793 1112 1846 terrarum

221 1889 335 1949 domino
361 1888 480 1947 Caesari
505 1889 653 1970 Augusto,
681 1889 743 1968 qui,
770 1907 851 1966 quam
874 1888 939 1946 doio
961 1893 991 1946 et
1012 1887 1111 1948 crude-

221 1992 303 2069 litate
334 1995 515 2068 expresserat
544 1988 714 2067 potentiam,
751 1987 933 2066 superbiente
963 1989 1113 2051 clementia

221 2090 335 2148 manare
355 2090 455 2161 vellet,
477 2088 570 2146 Pollio
585 2087 728 2157 exhibuit,
751 2087 895 2164 antiquam
917 2089 1032 2151 omuino
1055 2091 1112 2150 Ro·

132 2193 136 2204 ‘
222 2211 367 2251 manorum
394 2191 552 2250 libertatem
578 2185 755 2248 monstravit.
799 2187 877 2245 iuter
897 2188 1014 2248 crebras
1036 2187 1113 2271 pem'·

222 2312 287 2372 pas,
310 2292 410 2375 quibus
426 2289 681 2370 Augustusplebis
695 2289 784 2348 aciem
805 2289 1007 2368 praestrinxit,
1031 2311 1115 2371 qurum

220 2393 303 2452 ludus
331 2393 443 2471 Trojae
473 2391 606 2450 nobilium
623 2392 759 2471 juvenum
792 2396 822 2449 et
847 2409 999 2470 puerorum
1027 2399 1114 2464 esset,

220 2491 265 2550 bic
293 2491 338 2550 edi
367 2490 474 2548 desitus
496 2497 554 2561 est,
585 2491 685 2548 Asinio
710 2492 841 2550 Poliioue
863 2493 992 2574 graviter
1011 2494 1115 2558 invidi-

94 2624 98 2635 ·
220 2608 327 2667 oseque
355 2588 384 2645 iu
417 2587 496 2644 curia
525 2607 620 2646 cesum
647 2597 748 2666 queste
776 2593 889 2670 nepotis
916 2593 974 2665 sui,
1007 2592 1058 2673 qui
1086 2595 1116 2654 iu

196 2686 333 2748 ‘ludicris
360 2684 612 2746 exercitationibus
638 2709 704 2750 crus
724 2689 881 2774 effregerat
897 2692 970 2776 ⁰⁶⁸¹).
1013 2695 1116 2756 Tima-
1194 2718 1195 2725 ¹

219 2807 310 2870 genes
342 2785 494 2864 historicus
526 2805 610 2867 quum
641 2791 786 2855 dicaciteti
818 2815 875 2854 nnn
907 2796 1115 2872 moderaretur,

218 2891 366 2971 Augustus
398 2889 481 2948 demo
520 2889 547 2950 ei
579 2890 740 2968 interdixit3
779 2895 874 2956 stetim
907 2896 1001 2956 Pollio
1040 2919 1115 2972 eum,

220 3009 384 3070 quemquam
406 2989 434 3050 ei
453 2989 543 3052 iratus
565 2990 672 3068 meat,
694 3015 784 3074 usque
805 2997 842 3056 ad
863 3003 1040 3058 senectutem
1063 3001 1116 3060 de·

219 3109 292 3153 mum
314 3097 344 3150 et
364 3090 394 3150 iu
416 3093 531 3154 melun
552 3113 631 3157 suam
653 3095 778 3176 recepit:
801 3116 866 3158 nou
887 3101 1011 3175 aliano,
1037 3101 1116 3180 qued

286 3303 314 3370 ·)
351 3306 453 3358 Seneca
469 3285 611 3361 sinemur.
631 3309 667 3362 vl
684 3327 710 3378 p.
729 3310 804 3364 1260.

287 3387 330 3450 ““)
368 3387 433 3438 Tac.
452 3391 517 3440 Aac.
536 3391 583 3456 lv,
601 3391 644 3446 34.

286 3469 342 3533 Μ)
380 3469 487 3526 Sueten.
506 3475 576 3539 Aug.
593 3474 637 3527 te.
