<?xml version="1.0" encoding="UTF-8"?>
<!DOCTYPE html PUBLIC "-//W3C//DTD XHTML 1.0 Transitional//EN"
    "http://www.w3.org/TR/xhtml1/DTD/xhtml1-transitional.dtd">
<html xmlns="http://www.w3.org/1999/xhtml" xml:lang="en" lang="en">
 <head>
  <title>
</title>
<meta http-equiv="Content-Type" content="text/html;charset=utf-8" />
  <meta name='ocr-system' content='tesseract 3.04.00' />
  <meta name='ocr-capabilities' content='ocr_page ocr_carea ocr_par ocr_line ocrx_word'/>
</head>
<body>
  <div class='ocr_page' id='page_1' title='image "./johannishenrici00reingoog/johannishenrici00reingoog_0396.png"; bbox 0 0 2446 3972; ppageno 0'>
   <div class='ocr_carea' id='block_1_1' title="bbox 190 198 865 312">
    <p class='ocr_par' dir='ltr' id='par_1_1' title="bbox 190 198 865 312">
     <span class='ocr_line' id='line_1_1' title="bbox 190 198 865 312; baseline -0.006 -22"><span class='ocrx_word' id='word_1_1' title='bbox 190 237 254 304; x_wconf 70' lang='lat' dir='ltr'><strong>mo</strong></span> <span class='ocrx_word' id='word_1_2' title='bbox 313 198 320 204; x_wconf 68' lang='grc'><strong>’</strong></span> <span class='ocrx_word' id='word_1_3' title='bbox 410 221 569 286; x_wconf 70' lang='lat' dir='ltr'><strong>echone</strong></span> <span class='ocrx_word' id='word_1_4' title='bbox 582 216 658 295; x_wconf 86' lang='lat' dir='ltr'><strong>vul,</strong></span> <span class='ocrx_word' id='word_1_5' title='bbox 683 229 865 312; x_wconf 55' lang='lat' dir='ltr'><strong>rora-ros.¹</strong></span> 
     </span>
    </p>
   </div>
   <div class='ocr_carea' id='block_1_2' title="bbox 104 334 1201 1918">
    <p class='ocr_par' dir='ltr' id='par_1_2' title="bbox 183 334 1192 1584">
     <span class='ocr_line' id='line_1_2' title="bbox 191 334 1190 476; baseline -0.007 -17"><span class='ocrx_word' id='word_1_6' title='bbox 191 398 281 470; x_wconf 87' lang='lat' dir='ltr'><strong>mine,</strong></span> <span class='ocrx_word' id='word_1_7' title='bbox 319 401 492 476; x_wconf 80' lang='lat' dir='ltr'><strong>postrenum</strong></span> <span class='ocrx_word' id='word_1_8' title='bbox 515 392 713 454; x_wconf 81' lang='lat' dir='ltr'><strong>efficacissima</strong></span> <span class='ocrx_word' id='word_1_9' title='bbox 737 409 866 472; x_wconf 85' lang='lat' dir='ltr'><strong>quaeque</strong></span> <span class='ocrx_word' id='word_1_10' title='bbox 889 389 1033 454; x_wconf 80' lang='lat' dir='ltr'><strong>veneficia</strong></span> <span class='ocrx_word' id='word_1_11' title='bbox 1055 416 1092 456; x_wconf 87' lang='lat' dir='ltr'><strong>ax</strong></span> <span class='ocrx_word' id='word_1_12' title='bbox 1188 334 1190 432; x_wconf 78' lang='lat' dir='ltr'><strong>i</strong></span> 
     </span>
     <span class='ocr_line' id='line_1_3' title="bbox 192 493 1192 580; baseline -0.007 -19"><span class='ocrx_word' id='word_1_13' title='bbox 192 502 287 560; x_wconf 85' lang='lat' dir='ltr'><strong>Ponto</strong></span> <span class='ocrx_word' id='word_1_14' title='bbox 308 497 505 558; x_wconf 81' lang='lat' dir='ltr'><strong>adolebantur.</strong></span> <span class='ocrx_word' id='word_1_15' title='bbox 548 495 609 554; x_wconf 89' lang='lat' dir='ltr'><strong>llos</strong></span> <span class='ocrx_word' id='word_1_16' title='bbox 630 500 760 556; x_wconf 75' lang='lat' dir='ltr'><strong>cinerea</strong></span> <span class='ocrx_word' id='word_1_17' title='bbox 776 493 849 553; x_wconf 86' lang='lat' dir='ltr'><strong>loris</strong></span> <span class='ocrx_word' id='word_1_18' title='bbox 865 493 987 555; x_wconf 89' lang='lat' dir='ltr'><strong>soeiain</strong></span> <span class='ocrx_word' id='word_1_19' title='bbox 1002 495 1091 558; x_wconf 85' lang='lat' dir='ltr'><strong>rivum</strong></span> <span class='ocrx_word' id='word_1_20' title='bbox 1190 541 1192 580; x_wconf 45' lang='lat'>3</span> 
     </span>
     <span class='ocr_line' id='line_1_4' title="bbox 193 595 1192 677; baseline -0.004 -15"><span class='ocrx_word' id='word_1_21' title='bbox 193 600 340 673; x_wconf 82' lang='lat' dir='ltr'><strong>fluentem,</strong></span> <span class='ocrx_word' id='word_1_22' title='bbox 362 607 518 660; x_wconf 77' lang='lat' dir='ltr'><strong>retrorsum</strong></span> <span class='ocrx_word' id='word_1_23' title='bbox 536 615 589 656; x_wconf 91' lang='lat' dir='ltr'><strong>nec</strong></span> <span class='ocrx_word' id='word_1_24' title='bbox 607 596 778 676; x_wconf 78' lang='lat' dir='ltr'><strong>respiciens,</strong></span> <span class='ocrx_word' id='word_1_25' title='bbox 801 595 951 656; x_wconf 74' lang='lat' dir='ltr'><strong>demittere</strong></span> <span class='ocrx_word' id='word_1_26' title='bbox 964 597 1091 677; x_wconf 86' lang='lat' dir='ltr'><strong>jubetur.</strong></span> <span class='ocrx_word' id='word_1_27' title='bbox 1191 597 1192 600; x_wconf 63' lang='grc'>’</span> 
     </span>
     <span class='ocr_line' id='line_1_5' title="bbox 194 698 1092 778; baseline -0.003 -15"><span class='ocrx_word' id='word_1_28' title='bbox 194 702 447 770; x_wconf 72' lang='lat' dir='ltr'><strong>Quorsumnam</strong></span> <span class='ocrx_word' id='word_1_29' title='bbox 485 698 634 778; x_wconf 84' lang='lat' dir='ltr'><strong>Reliquiae</strong></span> <span class='ocrx_word' id='word_1_30' title='bbox 658 718 805 758; x_wconf 84' lang='lat' dir='ltr'><strong>sacrorum</strong></span> <span class='ocrx_word' id='word_1_31' title='bbox 830 698 989 758; x_wconf 75' lang='lat' dir='ltr'><strong>lustralium</strong></span> <span class='ocrx_word' id='word_1_32' title='bbox 1005 707 1037 760; x_wconf 93' lang='lat' dir='ltr'><strong>et</strong></span> <span class='ocrx_word' id='word_1_33' title='bbox 1053 699 1092 760; x_wconf 86' lang='lat' dir='ltr'><strong>ci-</strong></span> 
     </span>
     <span class='ocr_line' id='line_1_6' title="bbox 194 800 1092 880; baseline -0.003 -16"><span class='ocrx_word' id='word_1_34' title='bbox 194 824 279 864; x_wconf 84' lang='lat' dir='ltr'><strong>neres</strong></span> <span class='ocrx_word' id='word_1_35' title='bbox 308 810 499 864; x_wconf 86' lang='lat' dir='ltr'><strong>crematorum</strong></span> <span class='ocrx_word' id='word_1_36' title='bbox 516 807 712 880; x_wconf 91' lang='lat' dir='ltr'><strong>portentorum</strong></span> <span class='ocrx_word' id='word_1_37' title='bbox 729 800 758 859; x_wconf 91' lang='lat' dir='ltr'><strong>io</strong></span> <span class='ocrx_word' id='word_1_38' title='bbox 782 820 859 860; x_wconf 85' lang='lat' dir='ltr'><strong>mare</strong></span> <span class='ocrx_word' id='word_1_39' title='bbox 878 806 930 860; x_wconf 88' lang='lat' dir='ltr'><strong>aut</strong></span> <span class='ocrx_word' id='word_1_40' title='bbox 945 801 975 859; x_wconf 92' lang='lat' dir='ltr'><strong>in</strong></span> <span class='ocrx_word' id='word_1_41' title='bbox 992 820 1092 880; x_wconf 82' lang='lat' dir='ltr'><strong>aquarn</strong></span> 
     </span>
     <span class='ocr_line' id='line_1_7' title="bbox 183 885 1091 985; baseline -0.002 -21"><span class='ocrx_word' id='word_1_42' title='bbox 183 904 334 967; x_wconf 85' lang='lat' dir='ltr'><strong>¹iluviulem</strong></span> <span class='ocrx_word' id='word_1_43' title='bbox 363 903 582 985; x_wconf 77' lang='lat' dir='ltr'><strong>dejiciebantur,</strong></span> <span class='ocrx_word' id='word_1_44' title='bbox 618 903 654 962; x_wconf 91' lang='lat' dir='ltr'><strong>ad</strong></span> <span class='ocrx_word' id='word_1_45' title='bbox 665 885 801 983; x_wconf 27' lang='lat' dir='ltr'><strong>&#39;uestigia</strong></span> <span class='ocrx_word' id='word_1_46' title='bbox 818 921 946 982; x_wconf 87' lang='lat' dir='ltr'><strong>quaeque</strong></span> <span class='ocrx_word' id='word_1_47' title='bbox 959 902 1091 962; x_wconf 86' lang='lat' dir='ltr'><strong>delenda.</strong></span> 
     </span>
     <span class='ocr_line' id='line_1_8' title="bbox 195 1003 1091 1088; baseline -0.004 -22"><span class='ocrx_word' id='word_1_48' title='bbox 195 1009 276 1088; x_wconf 76' lang='lat' dir='ltr'><strong>Ergo</strong></span> <span class='ocrx_word' id='word_1_49' title='bbox 296 1007 391 1085; x_wconf 85' lang='lat' dir='ltr'><strong>puello</strong></span> <span class='ocrx_word' id='word_1_50' title='bbox 407 1003 530 1064; x_wconf 86' lang='lat' dir='ltr'><strong>crudelis</strong></span> <span class='ocrx_word' id='word_1_51' title='bbox 547 1004 615 1062; x_wconf 87' lang='lat' dir='ltr'><strong>nihil</strong></span> <span class='ocrx_word' id='word_1_52' title='bbox 635 1004 688 1065; x_wconf 88' lang='lat' dir='ltr'><strong>sihi</strong></span> <span class='ocrx_word' id='word_1_53' title='bbox 701 1005 849 1083; x_wconf 88' lang='lat' dir='ltr'><strong>proposuit</strong></span> <span class='ocrx_word' id='word_1_54' title='bbox 862 1003 988 1076; x_wconf 88' lang='lat' dir='ltr'><strong>minoris,</strong></span> <span class='ocrx_word' id='word_1_55' title='bbox 1011 1024 1091 1082; x_wconf 88' lang='lat' dir='ltr'><strong>qnam</strong></span> 
     </span>
     <span class='ocr_line' id='line_1_9' title="bbox 194 1104 1092 1193; baseline -0.002 -25"><span class='ocrx_word' id='word_1_56' title='bbox 194 1114 228 1168; x_wconf 89' lang='lat' dir='ltr'><strong>nt</strong></span> <span class='ocrx_word' id='word_1_57' title='bbox 248 1107 424 1186; x_wconf 76' lang='lat' dir='ltr'><strong>Daphnidem</strong></span> <span class='ocrx_word' id='word_1_58' title='bbox 441 1125 520 1166; x_wconf 86' lang='lat' dir='ltr'><strong>suum</strong></span> <span class='ocrx_word' id='word_1_59' title='bbox 539 1104 677 1193; x_wconf 81' lang='lat' dir='ltr'><strong>veneficio</strong></span> <span class='ocrx_word' id='word_1_60' title='bbox 694 1113 792 1166; x_wconf 86' lang='lat' dir='ltr'><strong>necet:</strong></span> <span class='ocrx_word' id='word_1_61' title='bbox 825 1113 871 1178; x_wconf 88' lang='lat' dir='ltr'><strong>ut,</strong></span> <span class='ocrx_word' id='word_1_62' title='bbox 906 1106 979 1165; x_wconf 83' lang='lat' dir='ltr'><strong>cinis</strong></span> <span class='ocrx_word' id='word_1_63' title='bbox 999 1126 1092 1185; x_wconf 85' lang='lat' dir='ltr'><strong>quam-</strong></span> 
     </span>
     <span class='ocr_line' id='line_1_10' title="bbox 197 1207 1092 1288; baseline 0.002 -21"><span class='ocrx_word' id='word_1_64' title='bbox 197 1210 344 1269; x_wconf 83' lang='lat' dir='ltr'><strong>admodum</strong></span> <span class='ocrx_word' id='word_1_65' title='bbox 367 1209 528 1268; x_wconf 88' lang='lat' dir='ltr'><strong>iocantntus</strong></span> <span class='ocrx_word' id='word_1_66' title='bbox 546 1207 693 1288; x_wconf 81' lang='lat' dir='ltr'><strong>imaginis,</strong></span> <span class='ocrx_word' id='word_1_67' title='bbox 726 1207 768 1266; x_wconf 86' lang='lat' dir='ltr'><strong>sic</strong></span> <span class='ocrx_word' id='word_1_68' title='bbox 791 1207 852 1286; x_wconf 89' lang='lat' dir='ltr'><strong>ipsc</strong></span> <span class='ocrx_word' id='word_1_69' title='bbox 875 1209 910 1267; x_wconf 92' lang='lat' dir='ltr'><strong>de</strong></span> <span class='ocrx_word' id='word_1_70' title='bbox 935 1215 1013 1268; x_wconf 89' lang='lat' dir='ltr'><strong>terra</strong></span> <span class='ocrx_word' id='word_1_71' title='bbox 1029 1229 1092 1270; x_wconf 82' lang='lat' dir='ltr'><strong>eua-</strong></span> 
     </span>
     <span class='ocr_line' id='line_1_11' title="bbox 197 1309 1093 1390; baseline 0 -21"><span class='ocrx_word' id='word_1_72' title='bbox 197 1316 305 1369; x_wconf 89' lang='lat' dir='ltr'><strong>nescat.</strong></span> <span class='ocrx_word' id='word_1_73' title='bbox 350 1311 407 1370; x_wconf 87' lang='lat' dir='ltr'><strong>Sed</strong></span> <span class='ocrx_word' id='word_1_74' title='bbox 427 1310 588 1389; x_wconf 80' lang='lat' dir='ltr'><strong>priusquam</strong></span> <span class='ocrx_word' id='word_1_75' title='bbox 602 1309 726 1370; x_wconf 71' lang='lat' dir='ltr'><strong>cinerem</strong></span> <span class='ocrx_word' id='word_1_76' title='bbox 747 1329 784 1368; x_wconf 84' lang='lat' dir='ltr'><strong>ex</strong></span> <span class='ocrx_word' id='word_1_77' title='bbox 804 1329 853 1370; x_wconf 91' lang='lat' dir='ltr'><strong>ara</strong></span> <span class='ocrx_word' id='word_1_78' title='bbox 871 1310 991 1390; x_wconf 74' lang='lat' dir='ltr'><strong>collegit</strong></span> <span class='ocrx_word' id='word_1_79' title='bbox 1006 1317 1038 1368; x_wconf 87' lang='lat' dir='ltr'><strong>et</strong></span> <span class='ocrx_word' id='word_1_80' title='bbox 1052 1309 1093 1369; x_wconf 85' lang='lat' dir='ltr'><strong>la·</strong></span> 
     </span>
     <span class='ocr_line' id='line_1_12' title="bbox 198 1409 1093 1483; baseline 0 -13"><span class='ocrx_word' id='word_1_81' title='bbox 198 1412 290 1471; x_wconf 88' lang='lat' dir='ltr'><strong>mulae</strong></span> <span class='ocrx_word' id='word_1_82' title='bbox 317 1411 449 1483; x_wconf 82' lang='lat' dir='ltr'><strong>tradidit3</strong></span> <span class='ocrx_word' id='word_1_83' title='bbox 487 1409 598 1472; x_wconf 86' lang='lat' dir='ltr'><strong>flamma</strong></span> <span class='ocrx_word' id='word_1_84' title='bbox 627 1411 736 1472; x_wconf 88' lang='lat' dir='ltr'><strong>indicat</strong></span> <span class='ocrx_word' id='word_1_85' title='bbox 757 1411 886 1482; x_wconf 83' lang='lat' dir='ltr'><strong>elucens,</strong></span> <span class='ocrx_word' id='word_1_86' title='bbox 929 1410 1093 1472; x_wconf 85' lang='lat' dir='ltr'><strong>veneficium</strong></span> 
     </span>
     <span class='ocr_line' id='line_1_13' title="bbox 196 1511 1093 1584; baseline 0.001 -12"><span class='ocrx_word' id='word_1_87' title='bbox 196 1511 335 1584; x_wconf 82' lang='lat' dir='ltr'><strong>valuisse,</strong></span> <span class='ocrx_word' id='word_1_88' title='bbox 363 1519 393 1570; x_wconf 85' lang='lat' dir='ltr'><strong>et</strong></span> <span class='ocrx_word' id='word_1_89' title='bbox 415 1512 530 1571; x_wconf 86' lang='lat' dir='ltr'><strong>crudele</strong></span> <span class='ocrx_word' id='word_1_90' title='bbox 553 1513 700 1572; x_wconf 85' lang='lat' dir='ltr'><strong>consilinm</strong></span> <span class='ocrx_word' id='word_1_91' title='bbox 724 1512 872 1576; x_wconf 86' lang='lat' dir='ltr'><strong>omittitur.</strong></span> <span class='ocrx_word' id='word_1_92' title='bbox 916 1514 981 1573; x_wconf 91' lang='lat' dir='ltr'><strong>Non</strong></span> <span class='ocrx_word' id='word_1_93' title='bbox 1003 1516 1093 1574; x_wconf 88' lang='lat' dir='ltr'><strong>minus</strong></span> 
     </span>
    </p>

    <p class='ocr_par' dir='ltr' id='par_1_3' title="bbox 104 1611 1201 1776">
     <span class='ocr_line' id='line_1_14' title="bbox 104 1611 1201 1690; baseline 0.003 -20"><span class='ocrx_word' id='word_1_94' title='bbox 104 1643 114 1652; x_wconf 35' lang='grc' dir='ltr'>κ</span> <span class='ocrx_word' id='word_1_95' title='bbox 198 1611 302 1672; x_wconf 88' lang='lat' dir='ltr'><strong>acerbe</strong></span> <span class='ocrx_word' id='word_1_96' title='bbox 330 1612 555 1690; x_wconf 85' lang='lat' dir='ltr'><strong>pharmaceutria</strong></span> <span class='ocrx_word' id='word_1_97' title='bbox 587 1613 731 1675; x_wconf 81' lang='lat' dir='ltr'><strong>sentiebat</strong></span> <span class='ocrx_word' id='word_1_98' title='bbox 755 1613 905 1674; x_wconf 84' lang='lat' dir='ltr'><strong>Theocriti</strong></span> <span class='ocrx_word' id='word_1_99' title='bbox 931 1615 984 1675; x_wconf 87' lang='lat' dir='ltr'><strong>suh</strong></span> <span class='ocrx_word' id='word_1_100' title='bbox 1010 1614 1093 1676; x_wconf 87' lang='lat' dir='ltr'><strong>linem</strong></span> <span class='ocrx_word' id='word_1_101' title='bbox 1200 1616 1201 1658; x_wconf 70' lang='lat' dir='ltr'><strong>l</strong></span> 
     </span>
     <span class='ocr_line' id='line_1_15' title="bbox 199 1712 461 1776; baseline 0 -3"><span class='ocrx_word' id='word_1_102' title='bbox 199 1712 320 1774; x_wconf 84' lang='lat' dir='ltr'><strong>actionis</strong></span> <span class='ocrx_word' id='word_1_103' title='bbox 336 1735 364 1775; x_wconf 83' lang='lat' dir='ltr'><strong>v.</strong></span> <span class='ocrx_word' id='word_1_104' title='bbox 388 1717 461 1776; x_wconf 81' lang='lat'><strong>159:</strong></span> 
     </span>
    </p>

    <p class='ocr_par' dir='ltr' id='par_1_4' title="bbox 300 1845 958 1918">
     <span class='ocr_line' id='line_1_16' title="bbox 300 1845 958 1918; baseline 0.003 -18"><span class='ocrx_word' id='word_1_105' title='bbox 300 1845 406 1902; x_wconf 86' lang='lat' dir='ltr'><strong>Philtria</strong></span> <span class='ocrx_word' id='word_1_106' title='bbox 423 1845 536 1914; x_wconf 83' lang='lat' dir='ltr'><strong>defigam</strong></span> <span class='ocrx_word' id='word_1_107' title='bbox 553 1847 677 1916; x_wconf 81' lang='lat' dir='ltr'><strong>primum3</strong></span> <span class='ocrx_word' id='word_1_108' title='bbox 695 1849 718 1901; x_wconf 85' lang='lat' dir='ltr'><strong>si</strong></span> <span class='ocrx_word' id='word_1_109' title='bbox 735 1849 839 1901; x_wconf 87' lang='lat' dir='ltr'><strong>laedere</strong></span> <span class='ocrx_word' id='word_1_110' title='bbox 856 1855 958 1918; x_wconf 74' lang='lat' dir='ltr'><strong>perget,</strong></span> 
     </span>
    </p>
   </div>
   <div class='ocr_carea' id='block_1_3' title="bbox 230 1927 1027 2084">
    <p class='ocr_par' dir='ltr' id='par_1_5' title="bbox 230 1927 1027 2084">
     <span class='ocr_line' id='line_1_17' title="bbox 230 1927 1007 2001; baseline -0.001 -16"><span class='ocrx_word' id='word_1_111' title='bbox 230 1963 233 1976; x_wconf 67' lang='grc'><strong>«</strong></span> <span class='ocrx_word' id='word_1_112' title='bbox 300 1933 419 1988; x_wconf 83' lang='lat' dir='ltr'><strong>Plutonis</strong></span> <span class='ocrx_word' id='word_1_113' title='bbox 435 1927 544 1998; x_wconf 81' lang='lat' dir='ltr'><strong>faciam,</strong></span> <span class='ocrx_word' id='word_1_114' title='bbox 563 1948 611 2000; x_wconf 89' lang='lat' dir='ltr'><strong>per</strong></span> <span class='ocrx_word' id='word_1_115' title='bbox 627 1932 737 1986; x_wconf 85' lang='lat' dir='ltr'><strong>Parcas!</strong></span> <span class='ocrx_word' id='word_1_116' title='bbox 756 1935 841 2001; x_wconf 85' lang='lat' dir='ltr'><strong>pulset</strong></span> <span class='ocrx_word' id='word_1_117' title='bbox 858 1941 887 1986; x_wconf 86' lang='lat' dir='ltr'><strong>nt</strong></span> <span class='ocrx_word' id='word_1_118' title='bbox 903 1935 1007 1988; x_wconf 69' lang='lat' dir='ltr'><strong>aedes„</strong></span> 
     </span>
     <span class='ocr_line' id='line_1_18' title="bbox 301 2017 1027 2084; baseline 0.008 -16"><span class='ocrx_word' id='word_1_119' title='bbox 301 2017 356 2070; x_wconf 87' lang='lat' dir='ltr'><strong>Tot</strong></span> <span class='ocrx_word' id='word_1_120' title='bbox 372 2021 441 2070; x_wconf 81' lang='lat' dir='ltr'><strong>mula</strong></span> <span class='ocrx_word' id='word_1_121' title='bbox 457 2019 562 2083; x_wconf 85' lang='lat' dir='ltr'><strong>clausa,</strong></span> <span class='ocrx_word' id='word_1_122' title='bbox 580 2023 653 2084; x_wconf 88' lang='lat' dir='ltr'><strong>puto,</strong></span> <span class='ocrx_word' id='word_1_123' title='bbox 672 2035 749 2070; x_wconf 84' lang='lat' dir='ltr'><strong>servo</strong></span> <span class='ocrx_word' id='word_1_124' title='bbox 766 2018 936 2074; x_wconf 81' lang='lat' dir='ltr'><strong>medicamina</strong></span> <span class='ocrx_word' id='word_1_125' title='bbox 953 2019 1027 2074; x_wconf 68' lang='lat' dir='ltr'><strong>cista</strong></span> 
     </span>
    </p>
   </div>
   <div class='ocr_carea' id='block_1_4' title="bbox 200 2119 1094 2201">
    <p class='ocr_par' dir='ltr' id='par_1_6' title="bbox 200 2119 1094 2201">
     <span class='ocr_line' id='line_1_19' title="bbox 200 2119 1094 2201; baseline 0.009 -23"><span class='ocrx_word' id='word_1_126' title='bbox 200 2119 333 2178; x_wconf 80' lang='lat' dir='ltr'><strong>Tiresias</strong></span> <span class='ocrx_word' id='word_1_127' title='bbox 357 2139 453 2201; x_wconf 78' lang='lat' dir='ltr'><strong>augur</strong></span> <span class='ocrx_word' id='word_1_128' title='bbox 469 2121 543 2199; x_wconf 86' lang='lat' dir='ltr'><strong>opud</strong></span> <span class='ocrx_word' id='word_1_129' title='bbox 561 2121 748 2180; x_wconf 82' lang='lat' dir='ltr'><strong>Theocritum</strong></span> <span class='ocrx_word' id='word_1_130' title='bbox 768 2123 881 2194; x_wconf 83' lang='lat' dir='ltr'><strong>XXW,</strong></span> <span class='ocrx_word' id='word_1_131' title='bbox 908 2132 964 2199; x_wconf 81' lang='lat'><strong>91,</strong></span> <span class='ocrx_word' id='word_1_132' title='bbox 993 2126 1094 2186; x_wconf 87' lang='lat' dir='ltr'><strong>draco·</strong></span> 
     </span>
    </p>
   </div>
   <div class='ocr_carea' id='block_1_5' title="bbox 200 2221 1095 2385">
    <p class='ocr_par' dir='ltr' id='par_1_7' title="bbox 200 2221 1095 2385">
     <span class='ocr_line' id='line_1_20' title="bbox 200 2221 1095 2302; baseline 0.007 -22"><span class='ocrx_word' id='word_1_133' title='bbox 200 2240 267 2292; x_wconf 90' lang='lat' dir='ltr'><strong>nes,</strong></span> <span class='ocrx_word' id='word_1_134' title='bbox 293 2221 389 2302; x_wconf 85' lang='lat' dir='ltr'><strong>jubet,</strong></span> <span class='ocrx_word' id='word_1_135' title='bbox 424 2222 460 2282; x_wconf 74' lang='lat' dir='ltr'><strong>alr</strong></span> <span class='ocrx_word' id='word_1_136' title='bbox 488 2222 611 2283; x_wconf 88' lang='lat' dir='ltr'><strong>Hercule</strong></span> <span class='ocrx_word' id='word_1_137' title='bbox 633 2221 743 2284; x_wconf 85' lang='lat' dir='ltr'><strong>infante</strong></span> <span class='ocrx_word' id='word_1_138' title='bbox 766 2223 923 2285; x_wconf 82' lang='lat' dir='ltr'><strong>suffocatos</strong></span> <span class='ocrx_word' id='word_1_139' title='bbox 945 2227 1095 2288; x_wconf 84' lang='lat' dir='ltr'><strong>sarmentis</strong></span> 
     </span>
     <span class='ocr_line' id='line_1_21' title="bbox 201 2341 461 2385; baseline 0.019 -5"><span class='ocrx_word' id='word_1_140' title='bbox 201 2341 312 2382; x_wconf 80' lang='lat' dir='ltr'><strong>eximus</strong></span> <span class='ocrx_word' id='word_1_141' title='bbox 328 2343 461 2385; x_wconf 78' lang='lat' dir='ltr'><strong>cremari:</strong></span> 
     </span>
    </p>
   </div>
   <div class='ocr_carea' id='block_1_6' title="bbox 301 2457 1062 2612">
    <p class='ocr_par' dir='ltr' id='par_1_8' title="bbox 301 2457 1062 2612">
     <span class='ocr_line' id='line_1_22' title="bbox 301 2457 941 2526; baseline 0.003 -17"><span class='ocrx_word' id='word_1_142' title='bbox 301 2457 382 2510; x_wconf 88' lang='lat' dir='ltr'><strong>Mane</strong></span> <span class='ocrx_word' id='word_1_143' title='bbox 398 2459 469 2522; x_wconf 81' lang='lat' dir='ltr'><strong>legat</strong></span> <span class='ocrx_word' id='word_1_144' title='bbox 486 2458 586 2509; x_wconf 83' lang='lat' dir='ltr'><strong>eineres</strong></span> <span class='ocrx_word' id='word_1_145' title='bbox 604 2458 701 2522; x_wconf 81' lang='lat' dir='ltr'><strong>ignitos</strong></span> <span class='ocrx_word' id='word_1_146' title='bbox 718 2473 794 2510; x_wconf 84' lang='lat' dir='ltr'><strong>serra</strong></span> <span class='ocrx_word' id='word_1_147' title='bbox 812 2458 941 2526; x_wconf 82' lang='lat' dir='ltr'><strong>canistris,</strong></span> 
     </span>
     <span class='ocr_line' id='line_1_23' title="bbox 302 2540 1062 2612; baseline 0.011 -21"><span class='ocrx_word' id='word_1_148' title='bbox 302 2540 389 2592; x_wconf 84' lang='lat' dir='ltr'><strong>Trans</strong></span> <span class='ocrx_word' id='word_1_149' title='bbox 405 2540 564 2608; x_wconf 78' lang='lat' dir='ltr'><strong>fluviumque</strong></span> <span class='ocrx_word' id='word_1_150' title='bbox 580 2540 656 2609; x_wconf 83' lang='lat' dir='ltr'><strong>ierat,</strong></span> <span class='ocrx_word' id='word_1_151' title='bbox 674 2542 791 2596; x_wconf 85' lang='lat' dir='ltr'><strong>studiose</strong></span> <span class='ocrx_word' id='word_1_152' title='bbox 807 2550 914 2612; x_wconf 81' lang='lat' dir='ltr'><strong>spargat</strong></span> <span class='ocrx_word' id='word_1_153' title='bbox 931 2549 957 2597; x_wconf 86' lang='lat' dir='ltr'><strong>et</strong></span> <span class='ocrx_word' id='word_1_154' title='bbox 971 2561 1062 2600; x_wconf 80' lang='lat' dir='ltr'><strong>omnes</strong></span> 
     </span>
    </p>
   </div>
   <div class='ocr_carea' id='block_1_7' title="bbox 300 2619 976 2760">
    <p class='ocr_par' dir='ltr' id='par_1_9' title="bbox 300 2619 976 2760">
     <span class='ocr_line' id='line_1_24' title="bbox 302 2619 976 2697; baseline 0.013 -23"><span class='ocrx_word' id='word_1_155' title='bbox 302 2623 331 2674; x_wconf 90' lang='lat' dir='ltr'><strong>ln</strong></span> <span class='ocrx_word' id='word_1_156' title='bbox 349 2625 470 2689; x_wconf 80' lang='lat' dir='ltr'><strong>scopulos</strong></span> <span class='ocrx_word' id='word_1_157' title='bbox 488 2625 609 2690; x_wconf 85' lang='lat' dir='ltr'><strong>scabros,</strong></span> <span class='ocrx_word' id='word_1_158' title='bbox 628 2619 699 2680; x_wconf 81' lang='lat' dir='ltr'><strong>trans</strong></span> <span class='ocrx_word' id='word_1_159' title='bbox 717 2628 800 2694; x_wconf 83' lang='lat' dir='ltr'><strong>tines;</strong></span> <span class='ocrx_word' id='word_1_160' title='bbox 818 2627 877 2697; x_wconf 81' lang='lat' dir='ltr'><strong>ipra</strong></span> <span class='ocrx_word' id='word_1_161' title='bbox 893 2629 976 2683; x_wconf 86' lang='lat' dir='ltr'><strong>redito</strong></span> 
     </span>
     <span class='ocr_line' id='line_1_25' title="bbox 300 2703 765 2760; baseline 0.006 -3"><span class='ocrx_word' id='word_1_162' title='bbox 300 2703 365 2758; x_wconf 70' lang='lat' dir='ltr'><strong>Non.</strong></span> <span class='ocrx_word' id='word_1_163' title='bbox 378 2721 408 2758; x_wconf 83' lang='lat' dir='ltr'><strong>se</strong></span> <span class='ocrx_word' id='word_1_164' title='bbox 423 2714 585 2760; x_wconf 85' lang='lat' dir='ltr'><strong>convertens.</strong></span> <span class='ocrx_word' id='word_1_165' title='bbox 762 2705 765 2710; x_wconf 82' lang='grc'>’</span> 
     </span>
    </p>
   </div>
   <div class='ocr_carea' id='block_1_8' title="bbox 196 2825 1098 3524">
    <p class='ocr_par' dir='ltr' id='par_1_10' title="bbox 196 2825 1098 3524">
     <span class='ocr_line' id='line_1_26' title="bbox 199 2825 1096 2912; baseline 0.013 -27"><span class='ocrx_word' id='word_1_166' title='bbox 199 2826 238 2886; x_wconf 84' lang='lat' dir='ltr'><strong>llt</strong></span> <span class='ocrx_word' id='word_1_167' title='bbox 251 2825 283 2890; x_wconf 81' lang='lat' dir='ltr'><strong>¹in</strong></span> <span class='ocrx_word' id='word_1_168' title='bbox 300 2826 434 2907; x_wconf 84' lang='lat' dir='ltr'><strong>Euripide</strong></span> <span class='ocrx_word' id='word_1_169' title='bbox 449 2828 583 2890; x_wconf 81' lang='lat' dir='ltr'><strong>Androm.</strong></span> <span class='ocrx_word' id='word_1_170' title='bbox 607 2837 667 2893; x_wconf 73' lang='lat'><strong>293</strong></span> <span class='ocrx_word' id='word_1_171' title='bbox 686 2840 816 2912; x_wconf 86' lang='lat' dir='ltr'><strong>optatur,</strong></span> <span class='ocrx_word' id='word_1_172' title='bbox 844 2843 878 2896; x_wconf 89' lang='lat' dir='ltr'><strong>nt</strong></span> <span class='ocrx_word' id='word_1_173' title='bbox 898 2836 999 2896; x_wconf 88' lang='lat' dir='ltr'><strong>malum</strong></span> <span class='ocrx_word' id='word_1_174' title='bbox 1018 2834 1096 2896; x_wconf 82' lang='lat' dir='ltr'><strong>futu·</strong></span> 
     </span>
     <span class='ocr_line' id='line_1_27' title="bbox 200 2931 1098 3012; baseline 0.012 -26"><span class='ocrx_word' id='word_1_175' title='bbox 200 2947 261 2986; x_wconf 87' lang='lat' dir='ltr'><strong>rum</strong></span> <span class='ocrx_word' id='word_1_176' title='bbox 289 2938 379 2992; x_wconf 86' lang='lat' dir='ltr'><strong>mater</strong></span> <span class='ocrx_word' id='word_1_177' title='bbox 400 2932 528 3005; x_wconf 86' lang='lat' dir='ltr'><strong>Paridis,</strong></span> <span class='ocrx_word' id='word_1_178' title='bbox 559 2931 697 2994; x_wconf 83' lang='lat' dir='ltr'><strong>infantem</strong></span> <span class='ocrx_word' id='word_1_179' title='bbox 718 2956 820 2996; x_wconf 86' lang='lat' dir='ltr'><strong>recens</strong></span> <span class='ocrx_word' id='word_1_180' title='bbox 845 2944 957 3009; x_wconf 88' lang='lat' dir='ltr'><strong>nutum,</strong></span> <span class='ocrx_word' id='word_1_181' title='bbox 988 2956 1098 3012; x_wconf 75' lang='lat' dir='ltr'><strong>repra</strong></span> 
     </span>
     <span class='ocr_line' id='line_1_28' title="bbox 200 3035 1097 3115; baseline 0.011 -27"><span class='ocrx_word' id='word_1_182' title='bbox 200 3043 304 3102; x_wconf 75' lang='lat' dir='ltr'><strong>capot</strong></span> <span class='ocrx_word' id='word_1_183' title='bbox 332 3035 518 3115; x_wconf 77' lang='lat' dir='ltr'><strong>transJ&#39;eccrit</strong></span> <span class='ocrx_word' id='word_1_184' title='bbox 573 3035 705 3100; x_wconf 72' lang='lat' dir='ltr'><strong>Quonam</strong></span> <span class='ocrx_word' id='word_1_185' title='bbox 736 3038 822 3109; x_wconf 85' lang='lat' dir='ltr'><strong>alias,</strong></span> <span class='ocrx_word' id='word_1_186' title='bbox 866 3039 919 3098; x_wconf 84' lang='lat' dir='ltr'><strong>nisi</strong></span> <span class='ocrx_word' id='word_1_187' title='bbox 941 3037 971 3097; x_wconf 92' lang='lat' dir='ltr'><strong>in</strong></span> <span class='ocrx_word' id='word_1_188' title='bbox 1000 3041 1097 3098; x_wconf 78' lang='lat' dir='ltr'><strong>maret</strong></span> 
     </span>
     <span class='ocr_line' id='line_1_29' title="bbox 201 3127 1096 3212; baseline 0.011 -24"><span class='ocrx_word' id='word_1_189' title='bbox 201 3127 440 3195; x_wconf 74' lang='lat' dir='ltr'><strong>Quemadmodum</strong></span> <span class='ocrx_word' id='word_1_190' title='bbox 464 3137 537 3195; x_wconf 88' lang='lat' dir='ltr'><strong>hello</strong></span> <span class='ocrx_word' id='word_1_191' title='bbox 562 3135 688 3209; x_wconf 82' lang='lat' dir='ltr'><strong>l&#39;nnico,</strong></span> <span class='ocrx_word' id='word_1_192' title='bbox 721 3139 807 3199; x_wconf 85' lang='lat' dir='ltr'><strong>Livio</strong></span> <span class='ocrx_word' id='word_1_193' title='bbox 835 3148 954 3201; x_wconf 85' lang='lat' dir='ltr'><strong>auctore</strong></span> <span class='ocrx_word' id='word_1_194' title='bbox 974 3139 1096 3212; x_wconf 83' lang='lat' dir='ltr'><strong>Xlll&#39;ll,</strong></span> 
     </span>
     <span class='ocr_line' id='line_1_30' title="bbox 202 3234 1097 3318; baseline 0.003 -22"><span class='ocrx_word' id='word_1_195' title='bbox 202 3239 252 3304; x_wconf 79' lang='lat'><strong>³7,</strong></span> <span class='ocrx_word' id='word_1_196' title='bbox 277 3234 395 3294; x_wconf 83' lang='lat' dir='ltr'><strong>Romani</strong></span> <span class='ocrx_word' id='word_1_197' title='bbox 411 3244 621 3296; x_wconf 87' lang='lat' dir='ltr'><strong>monstruosum</strong></span> <span class='ocrx_word' id='word_1_198' title='bbox 636 3238 756 3298; x_wconf 90' lang='lat' dir='ltr'><strong>hominis</strong></span> <span class='ocrx_word' id='word_1_199' title='bbox 771 3247 882 3318; x_wconf 88' lang='lat' dir='ltr'><strong>partum</strong></span> <span class='ocrx_word' id='word_1_200' title='bbox 893 3243 1097 3315; x_wconf 71' lang='lat' dir='ltr'><strong>monestere,</strong></span> 
     </span>
     <span class='ocr_line' id='line_1_31' title="bbox 200 3336 1098 3422; baseline 0.011 -32"><span class='ocrx_word' id='word_1_201' title='bbox 200 3336 297 3410; x_wconf 89' lang='lat' dir='ltr'><strong>procul</strong></span> <span class='ocrx_word' id='word_1_202' title='bbox 327 3354 344 3396; x_wconf 91' lang='lat' dir='ltr'><strong>a</strong></span> <span class='ocrx_word' id='word_1_203' title='bbox 377 3336 548 3396; x_wconf 85' lang='lat' dir='ltr'><strong>continentis</strong></span> <span class='ocrx_word' id='word_1_204' title='bbox 571 3344 665 3400; x_wconf 85' lang='lat' dir='ltr'><strong>terrae</strong></span> <span class='ocrx_word' id='word_1_205' title='bbox 690 3342 879 3422; x_wconf 79' lang='lat' dir='ltr'><strong>contagione,</strong></span> <span class='ocrx_word' id='word_1_206' title='bbox 923 3355 1098 3404; x_wconf 66' lang='lat' dir='ltr'><strong>extorrem</strong></span> 
     </span>
     <span class='ocr_line' id='line_1_32' title="bbox 196 3439 1096 3524; baseline 0.022 -39"><span class='ocrx_word' id='word_1_207' title='bbox 196 3439 322 3505; x_wconf 76' lang='lat' dir='ltr'><strong>procul</strong></span> <span class='ocrx_word' id='word_1_208' title='bbox 335 3449 448 3498; x_wconf 82' lang='lat' dir='ltr'><strong>terrac</strong></span> <span class='ocrx_word' id='word_1_209' title='bbox 464 3449 627 3512; x_wconf 79' lang='lat' dir='ltr'><strong>contactu,</strong></span> <span class='ocrx_word' id='word_1_210' title='bbox 649 3442 707 3501; x_wconf 88' lang='lat' dir='ltr'><strong>alto</strong></span> <span class='ocrx_word' id='word_1_211' title='bbox 724 3443 794 3502; x_wconf 84' lang='lat' dir='ltr'><strong>meri</strong></span> <span class='ocrx_word' id='word_1_212' title='bbox 807 3444 987 3524; x_wconf 72' lang='lat' dir='ltr'><strong>morgelaat.</strong></span> <span class='ocrx_word' id='word_1_213' title='bbox 1030 3443 1096 3504; x_wconf 71' lang='lat' dir='ltr'><strong>Its·</strong></span> 
     </span>
    </p>
   </div>
   <div class='ocr_carea' id='block_1_9' title="bbox 0 0 1240 3972">
    <p class='ocr_par' dir='ltr' id='par_1_11' title="bbox 0 0 1240 3972">
     <span class='ocr_line' id='line_1_33' title="bbox 0 0 1240 3972; baseline 0 0"><span class='ocrx_word' id='word_1_214' title='bbox 0 0 1240 3972; x_wconf 95' lang='lat' dir='ltr'><strong> </strong></span> 
     </span>
    </p>
   </div>
  </div>
 </body>
</html>
