<?xml version="1.0" encoding="UTF-8"?>
<!DOCTYPE html PUBLIC "-//W3C//DTD XHTML 1.0 Transitional//EN"
    "http://www.w3.org/TR/xhtml1/DTD/xhtml1-transitional.dtd">
<html xmlns="http://www.w3.org/1999/xhtml" xml:lang="en" lang="en">
 <head>
  <title>
</title>
<meta http-equiv="Content-Type" content="text/html;charset=utf-8" />
  <meta name='ocr-system' content='tesseract 3.04.00' />
  <meta name='ocr-capabilities' content='ocr_page ocr_carea ocr_par ocr_line ocrx_word'/>
</head>
<body>
  <div class='ocr_page' id='page_1' title='image "./johannishenrici00reingoog_0452.png"; bbox 0 0 2414 3978; ppageno 0'>
   <div class='ocr_carea' id='block_1_1' title="bbox 215 197 853 306">
    <p class='ocr_par' dir='ltr' id='par_1_1' title="bbox 215 197 853 306">
     <span class='ocr_line' id='line_1_1' title="bbox 215 197 853 306; baseline 0.005 -13"><span class='ocrx_word' id='word_1_1' title='bbox 215 201 283 306; x_wconf 62' lang='lat' dir='ltr'><strong>aaa</strong></span> <span class='ocrx_word' id='word_1_2' title='bbox 346 197 350 206; x_wconf 70' lang='grc'>’</span> <span class='ocrx_word' id='word_1_3' title='bbox 477 234 633 295; x_wconf 76' lang='lat' dir='ltr'><strong>ocuoou</strong></span> <span class='ocrx_word' id='word_1_4' title='bbox 655 235 693 306; x_wconf 69' lang='lat' dir='ltr'><strong>m</strong></span> <span class='ocrx_word' id='word_1_5' title='bbox 716 242 853 298; x_wconf 74' lang='lat' dir='ltr'><strong>ar-oa.</strong></span> 
     </span>
    </p>
   </div>
   <div class='ocr_carea' id='block_1_2' title="bbox 152 403 1110 1604">
    <p class='ocr_par' dir='ltr' id='par_1_2' title="bbox 152 403 1110 1604">
     <span class='ocr_line' id='line_1_2' title="bbox 214 403 1109 489; baseline 0.004 -23"><span class='ocrx_word' id='word_1_6' title='bbox 214 427 302 489; x_wconf 74' lang='lat' dir='ltr'><strong>gare,</strong></span> <span class='ocrx_word' id='word_1_7' title='bbox 330 405 405 485; x_wconf 83' lang='lat' dir='ltr'><strong>quod</strong></span> <span class='ocrx_word' id='word_1_8' title='bbox 426 403 502 464; x_wconf 86' lang='lat' dir='ltr'><strong>fama</strong></span> <span class='ocrx_word' id='word_1_9' title='bbox 522 403 649 477; x_wconf 85' lang='lat' dir='ltr'><strong>ferebat,</strong></span> <span class='ocrx_word' id='word_1_10' title='bbox 672 406 890 484; x_wconf 78' lang='lat' dir='ltr'><strong>septemtriones</strong></span> <span class='ocrx_word' id='word_1_11' title='bbox 910 424 1012 466; x_wconf 85' lang='lat' dir='ltr'><strong>versus</strong></span> <span class='ocrx_word' id='word_1_12' title='bbox 1032 407 1109 470; x_wconf 85' lang='lat' dir='ltr'><strong>iutu-</strong></span> 
     </span>
     <span class='ocr_line' id='line_1_3' title="bbox 212 505 1110 588; baseline 0.003 -20"><span class='ocrx_word' id='word_1_13' title='bbox 212 505 324 568; x_wconf 82' lang='lat' dir='ltr'><strong>larabili</strong></span> <span class='ocrx_word' id='word_1_14' title='bbox 344 506 532 566; x_wconf 72' lang='lat' dir='ltr'><strong>comitabatur</strong></span> <span class='ocrx_word' id='word_1_15' title='bbox 552 527 580 566; x_wconf 89' lang='lat' dir='ltr'><strong>v.</strong></span> <span class='ocrx_word' id='word_1_16' title='bbox 603 513 653 568; x_wconf 87' lang='grc'><strong>46.</strong></span> <span class='ocrx_word' id='word_1_17' title='bbox 697 507 1010 588; x_wconf 76' lang='lat' dir='ltr'><strong>Perque-perque,</strong></span> <span class='ocrx_word' id='word_1_18' title='bbox 1034 529 1110 570; x_wconf 83' lang='lat' dir='ltr'><strong>com-</strong></span> 
     </span>
     <span class='ocr_line' id='line_1_4' title="bbox 213 608 1109 690; baseline 0.003 -21"><span class='ocrx_word' id='word_1_19' title='bbox 213 609 325 690; x_wconf 87' lang='lat' dir='ltr'><strong>paratio</strong></span> <span class='ocrx_word' id='word_1_20' title='bbox 353 608 475 688; x_wconf 64' lang='lat' dir='ltr'><strong>poetica.</strong></span> <span class='ocrx_word' id='word_1_21' title='bbox 526 609 654 667; x_wconf 88' lang='lat' dir='ltr'><strong>Romano</strong></span> <span class='ocrx_word' id='word_1_22' title='bbox 688 609 761 668; x_wconf 91' lang='lat' dir='ltr'><strong>euim</strong></span> <span class='ocrx_word' id='word_1_23' title='bbox 792 615 821 669; x_wconf 92' lang='lat' dir='ltr'><strong>et</strong></span> <span class='ocrx_word' id='word_1_24' title='bbox 847 609 960 671; x_wconf 82' lang='lat' dir='ltr'><strong>Graeco</strong></span> <span class='ocrx_word' id='word_1_25' title='bbox 989 619 1109 672; x_wconf 68' lang='lat' dir='ltr'><strong>oramus</strong></span> 
     </span>
     <span class='ocr_line' id='line_1_5' title="bbox 212 709 1109 789; baseline 0.002 -19"><span class='ocrx_word' id='word_1_26' title='bbox 212 711 349 770; x_wconf 86' lang='lat' dir='ltr'><strong>minorum</strong></span> <span class='ocrx_word' id='word_1_27' title='bbox 377 729 489 789; x_wconf 88' lang='lat' dir='ltr'><strong>quoque</strong></span> <span class='ocrx_word' id='word_1_28' title='bbox 510 709 630 788; x_wconf 89' lang='lat' dir='ltr'><strong>partium</strong></span> <span class='ocrx_word' id='word_1_29' title='bbox 653 709 791 770; x_wconf 89' lang='lat' dir='ltr'><strong>orationis</strong></span> <span class='ocrx_word' id='word_1_30' title='bbox 814 730 870 770; x_wconf 90' lang='lat' dir='ltr'><strong>uun</strong></span> <span class='ocrx_word' id='word_1_31' title='bbox 892 711 1109 788; x_wconf 77' lang='lat' dir='ltr'><strong>permittebatur</strong></span> 
     </span>
     <span class='ocr_line' id='line_1_6' title="bbox 213 811 1108 891; baseline -0.001 -18"><span class='ocrx_word' id='word_1_32' title='bbox 213 819 334 884; x_wconf 84' lang='lat' dir='ltr'><strong>tuntum,</strong></span> <span class='ocrx_word' id='word_1_33' title='bbox 366 813 417 871; x_wconf 86' lang='lat' dir='ltr'><strong>sed</strong></span> <span class='ocrx_word' id='word_1_34' title='bbox 447 811 531 870; x_wconf 89' lang='lat' dir='ltr'><strong>etiam</strong></span> <span class='ocrx_word' id='word_1_35' title='bbox 552 811 756 891; x_wconf 71' lang='lat' dir='ltr'><strong>imperabatur:</strong></span> <span class='ocrx_word' id='word_1_36' title='bbox 790 812 882 870; x_wconf 87' lang='lat' dir='ltr'><strong>uostri</strong></span> <span class='ocrx_word' id='word_1_37' title='bbox 904 811 1016 872; x_wconf 84' lang='lat' dir='ltr'><strong>dicendi</strong></span> <span class='ocrx_word' id='word_1_38' title='bbox 1037 814 1108 874; x_wconf 85' lang='lat' dir='ltr'><strong>arti·</strong></span> 
     </span>
     <span class='ocr_line' id='line_1_7' title="bbox 152 906 999 975; baseline -0.001 -1"><span class='ocrx_word' id='word_1_39' title='bbox 152 906 155 910; x_wconf 61' lang='grc'><strong>’</strong></span> <span class='ocrx_word' id='word_1_40' title='bbox 212 915 282 975; x_wconf 86' lang='lat' dir='ltr'><strong>fiaes</strong></span> <span class='ocrx_word' id='word_1_41' title='bbox 303 913 353 975; x_wconf 89' lang='lat' dir='ltr'><strong>vix</strong></span> <span class='ocrx_word' id='word_1_42' title='bbox 374 932 436 972; x_wconf 90' lang='lat' dir='ltr'><strong>eum</strong></span> <span class='ocrx_word' id='word_1_43' title='bbox 458 913 486 970; x_wconf 91' lang='lat' dir='ltr'><strong>iu</strong></span> <span class='ocrx_word' id='word_1_44' title='bbox 508 913 667 972; x_wconf 88' lang='lat' dir='ltr'><strong>nominibus</strong></span> <span class='ocrx_word' id='word_1_45' title='bbox 687 911 872 974; x_wconf 77' lang='lat' dir='ltr'><strong>substantivis</strong></span> <span class='ocrx_word' id='word_1_46' title='bbox 892 911 999 973; x_wconf 82' lang='lat' dir='ltr'><strong>seruat.</strong></span> 
     </span>
     <span class='ocr_line' id='line_1_8' title="bbox 298 1012 1107 1096; baseline -0.012 -19"><span class='ocrx_word' id='word_1_47' title='bbox 298 1018 433 1078; x_wconf 74' lang='lat'><strong>24—25.</strong></span> <span class='ocrx_word' id='word_1_48' title='bbox 471 1012 623 1074; x_wconf 82' lang='lat' dir='ltr'><strong>Officiosus</strong></span> <span class='ocrx_word' id='word_1_49' title='bbox 644 1014 782 1076; x_wconf 88' lang='lat' dir='ltr'><strong>adventus</strong></span> <span class='ocrx_word' id='word_1_50' title='bbox 803 1015 948 1088; x_wconf 75' lang='lat' dir='ltr'><strong>Siluani,</strong></span> <span class='ocrx_word' id='word_1_51' title='bbox 970 1016 1033 1094; x_wconf 83' lang='lat' dir='ltr'><strong>ejus</strong></span> <span class='ocrx_word' id='word_1_52' title='bbox 1055 1035 1107 1096; x_wconf 88' lang='lat' dir='ltr'><strong>po.</strong></span> 
     </span>
     <span class='ocr_line' id='line_1_9' title="bbox 211 1115 1106 1198; baseline -0.001 -21"><span class='ocrx_word' id='word_1_53' title='bbox 211 1117 328 1198; x_wconf 77' lang='lat' dir='ltr'><strong>pulcris,</strong></span> <span class='ocrx_word' id='word_1_54' title='bbox 351 1117 379 1176; x_wconf 92' lang='lat' dir='ltr'><strong>iu</strong></span> <span class='ocrx_word' id='word_1_55' title='bbox 402 1117 479 1175; x_wconf 89' lang='lat' dir='ltr'><strong>cultu</strong></span> <span class='ocrx_word' id='word_1_56' title='bbox 501 1136 553 1175; x_wconf 91' lang='lat' dir='ltr'><strong>suo</strong></span> <span class='ocrx_word' id='word_1_57' title='bbox 568 1115 676 1188; x_wconf 85' lang='lat' dir='ltr'><strong>ltalioo,</strong></span> <span class='ocrx_word' id='word_1_58' title='bbox 698 1115 794 1174; x_wconf 88' lang='lat' dir='ltr'><strong>solatii</strong></span> <span class='ocrx_word' id='word_1_59' title='bbox 815 1115 941 1176; x_wconf 90' lang='lat' dir='ltr'><strong>uouuibil</strong></span> <span class='ocrx_word' id='word_1_60' title='bbox 963 1115 994 1175; x_wconf 87' lang='lat' dir='ltr'><strong>iu</strong></span> <span class='ocrx_word' id='word_1_61' title='bbox 1016 1124 1106 1178; x_wconf 78' lang='lat' dir='ltr'><strong>semet</strong></span> 
     </span>
     <span class='ocr_line' id='line_1_10' title="bbox 210 1216 1104 1300; baseline -0.001 -22"><span class='ocrx_word' id='word_1_62' title='bbox 210 1239 269 1279; x_wconf 90' lang='lat' dir='ltr'><strong>uuo</strong></span> <span class='ocrx_word' id='word_1_63' title='bbox 291 1219 385 1290; x_wconf 84' lang='lat' dir='ltr'><strong>babet,</strong></span> <span class='ocrx_word' id='word_1_64' title='bbox 407 1217 469 1296; x_wconf 88' lang='lat' dir='ltr'><strong>ipso</strong></span> <span class='ocrx_word' id='word_1_65' title='bbox 489 1236 654 1296; x_wconf 86' lang='lat' dir='ltr'><strong>quamquam</strong></span> <span class='ocrx_word' id='word_1_66' title='bbox 675 1217 753 1277; x_wconf 84' lang='lat' dir='ltr'><strong>rudis</strong></span> <span class='ocrx_word' id='word_1_67' title='bbox 776 1216 878 1299; x_wconf 77' lang='lat' dir='ltr'><strong>genius</strong></span> <span class='ocrx_word' id='word_1_68' title='bbox 891 1236 1026 1298; x_wconf 78' lang='lat' dir='ltr'><strong>agrorum</strong></span> <span class='ocrx_word' id='word_1_69' title='bbox 1037 1238 1104 1300; x_wconf 71' lang='lat' dir='ltr'><strong>ges-</strong></span> 
     </span>
     <span class='ocr_line' id='line_1_11' title="bbox 210 1318 1104 1400; baseline 0 -20"><span class='ocrx_word' id='word_1_70' title='bbox 210 1327 258 1380; x_wconf 88' lang='lat' dir='ltr'><strong>tus</strong></span> <span class='ocrx_word' id='word_1_71' title='bbox 279 1327 388 1379; x_wconf 89' lang='lat' dir='ltr'><strong>tautum</strong></span> <span class='ocrx_word' id='word_1_72' title='bbox 410 1326 440 1378; x_wconf 90' lang='lat' dir='ltr'><strong>ot</strong></span> <span class='ocrx_word' id='word_1_73' title='bbox 460 1319 590 1400; x_wconf 74' lang='lat' dir='ltr'><strong>singulus</strong></span> <span class='ocrx_word' id='word_1_74' title='bbox 611 1320 743 1398; x_wconf 84' lang='lat' dir='ltr'><strong>quasdam</strong></span> <span class='ocrx_word' id='word_1_75' title='bbox 764 1339 850 1380; x_wconf 84' lang='lat' dir='ltr'><strong>voces</strong></span> <span class='ocrx_word' id='word_1_76' title='bbox 868 1318 961 1390; x_wconf 85' lang='lat' dir='ltr'><strong>effert,</strong></span> <span class='ocrx_word' id='word_1_77' title='bbox 985 1319 1104 1380; x_wconf 82' lang='lat' dir='ltr'><strong>Graecis</strong></span> 
     </span>
     <span class='ocr_line' id='line_1_12' title="bbox 211 1420 1105 1500; baseline -0.002 -18"><span class='ocrx_word' id='word_1_78' title='bbox 211 1421 265 1482; x_wconf 87' lang='lat' dir='ltr'><strong>diis</strong></span> <span class='ocrx_word' id='word_1_79' title='bbox 291 1421 448 1480; x_wconf 87' lang='lat' dir='ltr'><strong>orationem</strong></span> <span class='ocrx_word' id='word_1_80' title='bbox 474 1420 646 1500; x_wconf 83' lang='lat' dir='ltr'><strong>relinquens.</strong></span> <span class='ocrx_word' id='word_1_81' title='bbox 674 1453 716 1472; x_wconf 80' lang='lat'><strong>-··</strong></span> <span class='ocrx_word' id='word_1_82' title='bbox 741 1422 917 1492; x_wconf 70' lang='lat' dir='ltr'><strong>Silvacae,</strong></span> <span class='ocrx_word' id='word_1_83' title='bbox 950 1421 1020 1480; x_wconf 83' lang='lat' dir='ltr'><strong>deus</strong></span> <span class='ocrx_word' id='word_1_84' title='bbox 1041 1428 1105 1482; x_wconf 85' lang='lat' dir='ltr'><strong>erat</strong></span> 
     </span>
     <span class='ocr_line' id='line_1_13' title="bbox 210 1520 1103 1604; baseline -0.003 -21"><span class='ocrx_word' id='word_1_85' title='bbox 210 1527 390 1602; x_wconf 85' lang='lat' dir='ltr'><strong>pervetustus</strong></span> <span class='ocrx_word' id='word_1_86' title='bbox 424 1520 535 1580; x_wconf 89' lang='lat' dir='ltr'><strong>rudium</strong></span> <span class='ocrx_word' id='word_1_87' title='bbox 570 1522 714 1581; x_wconf 85' lang='lat' dir='ltr'><strong>initiorum</strong></span> <span class='ocrx_word' id='word_1_88' title='bbox 747 1522 940 1604; x_wconf 77' lang='lat' dir='ltr'><strong>agriculturae</strong></span> <span class='ocrx_word' id='word_1_89' title='bbox 973 1521 1103 1594; x_wconf 80' lang='lat' dir='ltr'><strong>italicae,</strong></span> 
     </span>
    </p>
   </div>
   <div class='ocr_carea' id='block_1_3' title="bbox 74 1621 1106 1703">
    <p class='ocr_par' dir='ltr' id='par_1_3' title="bbox 74 1621 1106 1703">
     <span class='ocr_line' id='line_1_14' title="bbox 74 1621 1106 1703; baseline -0.002 -17"><span class='ocrx_word' id='word_1_90' title='bbox 74 1679 85 1686; x_wconf 80' lang='grc'><strong><em>.</em></strong></span> <span class='ocrx_word' id='word_1_91' title='bbox 181 1691 184 1696; x_wconf 85' lang='lat'><em>.</em></span> <span class='ocrx_word' id='word_1_92' title='bbox 210 1643 294 1703; x_wconf 83' lang='lat' dir='ltr'><strong>quum</strong></span> <span class='ocrx_word' id='word_1_93' title='bbox 329 1628 461 1702; x_wconf 85' lang='lat' dir='ltr'><strong>pastores</strong></span> <span class='ocrx_word' id='word_1_94' title='bbox 492 1621 637 1684; x_wconf 82' lang='lat' dir='ltr'><strong>silvicolae</strong></span> <span class='ocrx_word' id='word_1_95' title='bbox 670 1622 799 1702; x_wconf 85' lang='lat' dir='ltr'><strong>proxima</strong></span> <span class='ocrx_word' id='word_1_96' title='bbox 828 1633 955 1702; x_wconf 80' lang='lat' dir='ltr'><strong>quaeque</strong></span> <span class='ocrx_word' id='word_1_97' title='bbox 982 1623 1106 1686; x_wconf 83' lang='lat' dir='ltr'><strong>declivia</strong></span> 
     </span>
    </p>
   </div>
   <div class='ocr_carea' id='block_1_4' title="bbox 207 1719 1103 2212">
    <p class='ocr_par' dir='ltr' id='par_1_4' title="bbox 207 1719 1103 2212">
     <span class='ocr_line' id='line_1_15' title="bbox 209 1719 1103 1807; baseline 0.001 -22"><span class='ocrx_word' id='word_1_98' title='bbox 209 1725 262 1785; x_wconf 90' lang='lat' dir='ltr'><strong>sub</strong></span> <span class='ocrx_word' id='word_1_99' title='bbox 290 1723 371 1807; x_wconf 80' lang='lat' dir='ltr'><strong>jugis</strong></span> <span class='ocrx_word' id='word_1_100' title='bbox 403 1723 537 1784; x_wconf 87' lang='lat' dir='ltr'><strong>montium</strong></span> <span class='ocrx_word' id='word_1_101' title='bbox 571 1724 658 1784; x_wconf 86' lang='lat' dir='ltr'><strong>adore</strong></span> <span class='ocrx_word' id='word_1_102' title='bbox 686 1719 870 1803; x_wconf 66' lang='lat' dir='ltr'><strong>(iliricum</strong></span> <span class='ocrx_word' id='word_1_103' title='bbox 896 1725 1019 1799; x_wconf 71' lang='lat' dir='ltr'><strong>Spelta</strong></span> <span class='ocrx_word' id='word_1_104' title='bbox 1045 1722 1103 1806; x_wconf 80' lang='lat' dir='ltr'><strong>L.)</strong></span> 
     </span>
     <span class='ocr_line' id='line_1_16' title="bbox 209 1823 1102 1908; baseline -0.002 -20"><span class='ocrx_word' id='word_1_105' title='bbox 209 1847 370 1900; x_wconf 84' lang='lat' dir='ltr'><strong>conserere,</strong></span> <span class='ocrx_word' id='word_1_106' title='bbox 392 1827 504 1906; x_wconf 87' lang='lat' dir='ltr'><strong>plautas</strong></span> <span class='ocrx_word' id='word_1_107' title='bbox 524 1844 630 1905; x_wconf 87' lang='lat' dir='ltr'><strong>pauore</strong></span> <span class='ocrx_word' id='word_1_108' title='bbox 651 1831 683 1884; x_wconf 84' lang='lat' dir='ltr'><strong>et</strong></span> <span class='ocrx_word' id='word_1_109' title='bbox 703 1823 837 1886; x_wconf 85' lang='lat' dir='ltr'><strong>finitimos</strong></span> <span class='ocrx_word' id='word_1_110' title='bbox 858 1845 946 1908; x_wconf 79' lang='lat' dir='ltr'><strong>agros</strong></span> <span class='ocrx_word' id='word_1_111' title='bbox 966 1825 1102 1886; x_wconf 83' lang='lat' dir='ltr'><strong>limitibus</strong></span> 
     </span>
     <span class='ocr_line' id='line_1_17' title="bbox 210 1927 1101 2008; baseline 0.002 -21"><span class='ocrx_word' id='word_1_112' title='bbox 210 1930 372 1990; x_wconf 85' lang='lat' dir='ltr'><strong>discernere</strong></span> <span class='ocrx_word' id='word_1_113' title='bbox 393 1927 583 1998; x_wconf 81' lang='lat' dir='ltr'><strong>instituerant.</strong></span> <span class='ocrx_word' id='word_1_114' title='bbox 616 1927 698 1988; x_wconf 86' lang='lat' dir='ltr'><strong>lluuo</strong></span> <span class='ocrx_word' id='word_1_115' title='bbox 719 1928 801 1987; x_wconf 82' lang='lat' dir='ltr'><strong>deum</strong></span> <span class='ocrx_word' id='word_1_116' title='bbox 822 1947 953 1989; x_wconf 84' lang='lat' dir='ltr'><strong>arvorum</strong></span> <span class='ocrx_word' id='word_1_117' title='bbox 975 1927 1101 2008; x_wconf 85' lang='lat' dir='ltr'><strong>pecoris·</strong></span> 
     </span>
     <span class='ocr_line' id='line_1_18' title="bbox 210 2027 1102 2111; baseline 0 -21"><span class='ocrx_word' id='word_1_118' title='bbox 210 2050 265 2110; x_wconf 83' lang='lat' dir='ltr'><strong>qua</strong></span> <span class='ocrx_word' id='word_1_119' title='bbox 287 2029 423 2111; x_wconf 79' lang='lat' dir='ltr'><strong>Virgilius</strong></span> <span class='ocrx_word' id='word_1_120' title='bbox 442 2029 514 2088; x_wconf 85' lang='lat' dir='ltr'><strong>Aea.</strong></span> <span class='ocrx_word' id='word_1_121' title='bbox 537 2028 616 2100; x_wconf 78' lang='lat' dir='ltr'><strong>l&#39;lll,</strong></span> <span class='ocrx_word' id='word_1_122' title='bbox 639 2036 701 2090; x_wconf 90' lang='grc'><strong>600</strong></span> <span class='ocrx_word' id='word_1_123' title='bbox 728 2027 803 2088; x_wconf 84' lang='lat' dir='ltr'><strong>iuter</strong></span> <span class='ocrx_word' id='word_1_124' title='bbox 824 2029 1021 2106; x_wconf 84' lang='lat' dir='ltr'><strong>Tyrrhenicos</strong></span> <span class='ocrx_word' id='word_1_125' title='bbox 1042 2029 1102 2090; x_wconf 91' lang='lat' dir='ltr'><strong>Pe-</strong></span> 
     </span>
     <span class='ocr_line' id='line_1_19' title="bbox 207 2128 1100 2212; baseline -0.001 -21"><span class='ocrx_word' id='word_1_126' title='bbox 207 2132 307 2212; x_wconf 75' lang='lat' dir='ltr'><strong>lasgos</strong></span> <span class='ocrx_word' id='word_1_127' title='bbox 333 2131 438 2189; x_wconf 85' lang='lat' dir='ltr'><strong>cultum</strong></span> <span class='ocrx_word' id='word_1_128' title='bbox 466 2128 588 2190; x_wconf 86' lang='lat' dir='ltr'><strong>iu&#39;luoia</strong></span> <span class='ocrx_word' id='word_1_129' title='bbox 609 2128 724 2208; x_wconf 85' lang='lat' dir='ltr'><strong>reperit.</strong></span> <span class='ocrx_word' id='word_1_130' title='bbox 767 2131 929 2190; x_wconf 83' lang='lat' dir='ltr'><strong>Secundum</strong></span> <span class='ocrx_word' id='word_1_131' title='bbox 950 2129 1100 2191; x_wconf 75' lang='lat' dir='ltr'><strong>Horatium</strong></span> 
     </span>
    </p>
   </div>
   <div class='ocr_carea' id='block_1_5' title="bbox 14 2216 1099 2314">
    <p class='ocr_par' dir='ltr' id='par_1_5' title="bbox 14 2216 1099 2314">
     <span class='ocr_line' id='line_1_20' title="bbox 14 2216 1099 2314; baseline -0.02 -15"><span class='ocrx_word' id='word_1_132' title='bbox 14 2216 19 2228; x_wconf 23' lang='lat' dir='ltr'>f</span> <span class='ocrx_word' id='word_1_133' title='bbox 74 2227 81 2236; x_wconf 47' lang='lat'>⁸</span> <span class='ocrx_word' id='word_1_134' title='bbox 207 2240 291 2314; x_wconf 91' lang='lat' dir='ltr'><strong>poter</strong></span> <span class='ocrx_word' id='word_1_135' title='bbox 310 2232 461 2314; x_wconf 74' lang='lat' dir='ltr'><strong>Silvanus,</strong></span> <span class='ocrx_word' id='word_1_136' title='bbox 483 2237 580 2291; x_wconf 86' lang='lat' dir='ltr'><strong>custos</strong></span> <span class='ocrx_word' id='word_1_137' title='bbox 599 2229 730 2306; x_wconf 77' lang='lat' dir='ltr'><strong>limitum,</strong></span> <span class='ocrx_word' id='word_1_138' title='bbox 751 2231 787 2291; x_wconf 93' lang='lat' dir='ltr'><strong>ab</strong></span> <span class='ocrx_word' id='word_1_139' title='bbox 809 2231 939 2313; x_wconf 61' lang='lat' dir='ltr'><strong>agricola</strong></span> <span class='ocrx_word' id='word_1_140' title='bbox 958 2251 1030 2292; x_wconf 69' lang='lat' dir='ltr'><strong>um</strong></span> <span class='ocrx_word' id='word_1_141' title='bbox 1050 2251 1099 2292; x_wconf 57' lang='grc' dir='ltr'><strong>ω.</strong></span> 
     </span>
    </p>
   </div>
   <div class='ocr_carea' id='block_1_6' title="bbox 204 2325 1179 3532">
    <p class='ocr_par' dir='ltr' id='par_1_6' title="bbox 204 2325 1179 3532">
     <span class='ocr_line' id='line_1_21' title="bbox 207 2325 1100 2416; baseline -0.001 -21"><span class='ocrx_word' id='word_1_142' title='bbox 207 2335 329 2416; x_wconf 86' lang='lat' dir='ltr'><strong>cipiebat</strong></span> <span class='ocrx_word' id='word_1_143' title='bbox 350 2335 442 2415; x_wconf 84' lang='lat' dir='ltr'><strong>Epod.</strong></span> <span class='ocrx_word' id='word_1_144' title='bbox 463 2334 504 2405; x_wconf 89' lang='lat' dir='ltr'><strong>ll,</strong></span> <span class='ocrx_word' id='word_1_145' title='bbox 528 2342 583 2407; x_wconf 62' lang='grc' dir='ltr'><strong>Ὧς</strong></span> <span class='ocrx_word' id='word_1_146' title='bbox 612 2340 642 2392; x_wconf 89' lang='lat' dir='ltr'><strong>at</strong></span> <span class='ocrx_word' id='word_1_147' title='bbox 661 2325 834 2414; x_wconf 70' lang='lat' dir='ltr'><strong>pro&#39;grege</strong></span> <span class='ocrx_word' id='word_1_148' title='bbox 854 2340 970 2396; x_wconf 84' lang='lat' dir='ltr'><strong>servato</strong></span> <span class='ocrx_word' id='word_1_149' title='bbox 993 2333 1040 2394; x_wconf 82' lang='lat' dir='ltr'><strong>lac</strong></span> <span class='ocrx_word' id='word_1_150' title='bbox 1065 2351 1100 2394; x_wconf 83' lang='lat' dir='ltr'><strong>sa</strong></span> 
     </span>
     <span class='ocr_line' id='line_1_22' title="bbox 207 2434 1097 2515; baseline -0.003 -18"><span class='ocrx_word' id='word_1_151' title='bbox 207 2439 264 2498; x_wconf 84' lang='lat' dir='ltr'><strong>cris</strong></span> <span class='ocrx_word' id='word_1_152' title='bbox 285 2436 509 2496; x_wconf 85' lang='lat' dir='ltr'><strong>auctumoalibus</strong></span> <span class='ocrx_word' id='word_1_153' title='bbox 526 2437 578 2515; x_wconf 83' lang='lat' dir='ltr'><strong>up.</strong></span> <span class='ocrx_word' id='word_1_154' title='bbox 601 2434 636 2507; x_wconf 93' lang='lat' dir='ltr'><strong>ll,</strong></span> <span class='ocrx_word' id='word_1_155' title='bbox 660 2441 688 2507; x_wconf 86' lang='lat' dir='ltr'><strong>t,</strong></span> <span class='ocrx_word' id='word_1_156' title='bbox 713 2441 783 2498; x_wconf 81' lang='grc'><strong>143.</strong></span> <span class='ocrx_word' id='word_1_157' title='bbox 826 2435 988 2496; x_wconf 83' lang='lat' dir='ltr'><strong>Secundum</strong></span> <span class='ocrx_word' id='word_1_158' title='bbox 1010 2436 1097 2495; x_wconf 81' lang='lat' dir='ltr'><strong>(lato-</strong></span> 
     </span>
     <span class='ocr_line' id='line_1_23' title="bbox 206 2532 1099 2616; baseline 0.001 -22"><span class='ocrx_word' id='word_1_159' title='bbox 206 2557 269 2594; x_wconf 82' lang='lat' dir='ltr'><strong>nam</strong></span> <span class='ocrx_word' id='word_1_160' title='bbox 299 2547 337 2599; x_wconf 85' lang='grc'><strong>83</strong></span> <span class='ocrx_word' id='word_1_161' title='bbox 365 2537 554 2596; x_wconf 83' lang='lat' dir='ltr'><strong>valetudinem</strong></span> <span class='ocrx_word' id='word_1_162' title='bbox 581 2537 664 2596; x_wconf 92' lang='lat' dir='ltr'><strong>boum</strong></span> <span class='ocrx_word' id='word_1_163' title='bbox 692 2537 846 2598; x_wconf 78' lang='lat' dir='ltr'><strong>aMurtc</strong></span> <span class='ocrx_word' id='word_1_164' title='bbox 867 2539 1007 2598; x_wconf 75' lang='lat' dir='ltr'><strong>Siluano</strong></span> <span class='ocrx_word' id='word_1_165' title='bbox 1025 2532 1099 2616; x_wconf 83' lang='lat' dir='ltr'><strong>-(qui</strong></span> 
     </span>
     <span class='ocr_line' id='line_1_24' title="bbox 206 2637 1098 2720; baseline 0.008 -29"><span class='ocrx_word' id='word_1_166' title='bbox 206 2637 330 2697; x_wconf 84' lang='lat' dir='ltr'><strong>Victoris</strong></span> <span class='ocrx_word' id='word_1_167' title='bbox 351 2638 488 2696; x_wconf 84' lang='lat' dir='ltr'><strong>Hercules</strong></span> <span class='ocrx_word' id='word_1_168' title='bbox 500 2637 633 2698; x_wconf 85' lang='lat' dir='ltr'><strong>Silvanus</strong></span> <span class='ocrx_word' id='word_1_169' title='bbox 655 2657 719 2698; x_wconf 87' lang='lat' dir='ltr'><strong>asse</strong></span> <span class='ocrx_word' id='word_1_170' title='bbox 740 2637 865 2720; x_wconf 78' lang='lat' dir='ltr'><strong>videtur)</strong></span> <span class='ocrx_word' id='word_1_171' title='bbox 887 2639 917 2698; x_wconf 87' lang='lat' dir='ltr'><strong>iu</strong></span> <span class='ocrx_word' id='word_1_172' title='bbox 939 2637 1012 2701; x_wconf 88' lang='lat' dir='ltr'><strong>silva</strong></span> <span class='ocrx_word' id='word_1_173' title='bbox 1032 2658 1098 2718; x_wconf 87' lang='lat' dir='ltr'><strong>pre-</strong></span> 
     </span>
     <span class='ocr_line' id='line_1_25' title="bbox 205 2723 1099 2818; baseline 0.003 -21"><span class='ocrx_word' id='word_1_174' title='bbox 205 2723 503 2797; x_wconf 76' lang='lat' dir='ltr'><strong>colantur&#39;sacrificio</strong></span> <span class='ocrx_word' id='word_1_175' title='bbox 525 2735 603 2797; x_wconf 89' lang='lat' dir='ltr'><strong>facto</strong></span> <span class='ocrx_word' id='word_1_176' title='bbox 625 2736 711 2799; x_wconf 86' lang='lat' dir='ltr'><strong>farris</strong></span> <span class='ocrx_word' id='word_1_177' title='bbox 732 2739 847 2811; x_wconf 87' lang='lat' dir='ltr'><strong>adorei,</strong></span> <span class='ocrx_word' id='word_1_178' title='bbox 876 2739 964 2814; x_wconf 83' lang='lat' dir='ltr'><strong>lardi,</strong></span> <span class='ocrx_word' id='word_1_179' title='bbox 992 2739 1099 2818; x_wconf 77' lang='lat' dir='ltr'><strong>pulpas</strong></span> 
     </span>
     <span class='ocr_line' id='line_1_26' title="bbox 205 2838 1098 2921; baseline 0.001 -22"><span class='ocrx_word' id='word_1_180' title='bbox 205 2847 235 2899; x_wconf 91' lang='lat' dir='ltr'><strong>et</strong></span> <span class='ocrx_word' id='word_1_181' title='bbox 256 2838 324 2901; x_wconf 89' lang='lat' dir='ltr'><strong>viui.</strong></span> <span class='ocrx_word' id='word_1_182' title='bbox 345 2839 426 2920; x_wconf 80' lang='lat' dir='ltr'><strong>Apud</strong></span> <span class='ocrx_word' id='word_1_183' title='bbox 444 2839 609 2900; x_wconf 85' lang='lat' dir='ltr'><strong>Juvaualem</strong></span> <span class='ocrx_word' id='word_1_184' title='bbox 631 2841 680 2914; x_wconf 84' lang='lat' dir='ltr'><strong>lll,</strong></span> <span class='ocrx_word' id='word_1_185' title='bbox 702 2847 764 2904; x_wconf 91' lang='grc'><strong>446</strong></span> <span class='ocrx_word' id='word_1_186' title='bbox 786 2859 888 2921; x_wconf 82' lang='lat' dir='ltr'><strong>porcus</strong></span> <span class='ocrx_word' id='word_1_187' title='bbox 910 2840 937 2902; x_wconf 85' lang='lat' dir='ltr'><strong>ei</strong></span> <span class='ocrx_word' id='word_1_188' title='bbox 958 2839 1098 2900; x_wconf 82' lang='lat' dir='ltr'><strong>caedium.</strong></span> 
     </span>
     <span class='ocr_line' id='line_1_27' title="bbox 204 2941 1098 3022; baseline 0.002 -22"><span class='ocrx_word' id='word_1_189' title='bbox 204 2941 332 3022; x_wconf 87' lang='lat' dir='ltr'><strong>Lucilius</strong></span> <span class='ocrx_word' id='word_1_190' title='bbox 353 2942 428 3022; x_wconf 85' lang='lat' dir='ltr'><strong>apud</strong></span> <span class='ocrx_word' id='word_1_191' title='bbox 448 2943 579 3002; x_wconf 90' lang='lat' dir='ltr'><strong>Nouuum</strong></span> <span class='ocrx_word' id='word_1_192' title='bbox 600 2943 637 3015; x_wconf 90' lang='lat' dir='ltr'><strong>ll,</strong></span> <span class='ocrx_word' id='word_1_193' title='bbox 660 2948 722 3006; x_wconf 75' lang='lat'><strong>324</strong></span> <span class='ocrx_word' id='word_1_194' title='bbox 742 2943 872 3022; x_wconf 85' lang='lat' dir='ltr'><strong>luporum</strong></span> <span class='ocrx_word' id='word_1_195' title='bbox 893 2961 956 3002; x_wconf 87' lang='lat' dir='ltr'><strong>aum</strong></span> <span class='ocrx_word' id='word_1_196' title='bbox 979 2947 1098 3002; x_wconf 82' lang='lat' dir='ltr'><strong>exacto-</strong></span> 
     </span>
     <span class='ocr_line' id='line_1_28' title="bbox 205 3042 1096 3126; baseline 0.002 -26"><span class='ocrx_word' id='word_1_197' title='bbox 205 3061 266 3126; x_wconf 84' lang='lat' dir='ltr'><strong>rem</strong></span> <span class='ocrx_word' id='word_1_198' title='bbox 286 3050 316 3100; x_wconf 90' lang='lat' dir='ltr'><strong>et</strong></span> <span class='ocrx_word' id='word_1_199' title='bbox 336 3042 542 3126; x_wconf 78' lang='lat' dir='ltr'><strong>fulguratorem</strong></span> <span class='ocrx_word' id='word_1_200' title='bbox 562 3045 694 3104; x_wconf 85' lang='lat' dir='ltr'><strong>arborum</strong></span> <span class='ocrx_word' id='word_1_201' title='bbox 714 3051 808 3106; x_wconf 80' lang='lat' dir='ltr'><strong>vocat.</strong></span> <span class='ocrx_word' id='word_1_202' title='bbox 841 3044 924 3123; x_wconf 78' lang='lat' dir='ltr'><strong>Apud</strong></span> <span class='ocrx_word' id='word_1_203' title='bbox 946 3042 1096 3102; x_wconf 83' lang='lat' dir='ltr'><strong>Tibullum</strong></span> 
     </span>
     <span class='ocr_line' id='line_1_29' title="bbox 205 3141 1096 3226; baseline 0.002 -24"><span class='ocrx_word' id='word_1_204' title='bbox 205 3142 259 3218; x_wconf 73' lang='lat' dir='ltr'><strong>deo</strong></span> <span class='ocrx_word' id='word_1_205' title='bbox 280 3141 427 3219; x_wconf 87' lang='lat' dir='ltr'><strong>silvarum,</strong></span> <span class='ocrx_word' id='word_1_206' title='bbox 449 3147 599 3206; x_wconf 66' lang='lat' dir='ltr'><strong>siluestre·</strong></span> <span class='ocrx_word' id='word_1_207' title='bbox 620 3147 678 3206; x_wconf 84' lang='lat' dir='ltr'><strong>deo</strong></span> <span class='ocrx_word' id='word_1_208' title='bbox 701 3141 772 3226; x_wconf 73' lang='lat' dir='ltr'><em>(El.</em></span> <span class='ocrx_word' id='word_1_209' title='bbox 795 3146 830 3220; x_wconf 92' lang='lat' dir='ltr'><strong>ll,</strong></span> <span class='ocrx_word' id='word_1_210' title='bbox 854 3150 882 3217; x_wconf 78' lang='lat'><strong>5,</strong></span> <span class='ocrx_word' id='word_1_211' title='bbox 906 3143 978 3226; x_wconf 78' lang='lat'><strong>30),</strong></span> <span class='ocrx_word' id='word_1_212' title='bbox 999 3142 1096 3204; x_wconf 81' lang='lat' dir='ltr'><strong>fistula</strong></span> 
     </span>
     <span class='ocr_line' id='line_1_30' title="bbox 205 3243 1179 3326; baseline 0.01 -25"><span class='ocrx_word' id='word_1_213' title='bbox 205 3263 223 3302; x_wconf 94' lang='lat' dir='ltr'><strong>a</strong></span> <span class='ocrx_word' id='word_1_214' title='bbox 256 3243 416 3323; x_wconf 85' lang='lat' dir='ltr'><strong>pastoribus</strong></span> <span class='ocrx_word' id='word_1_215' title='bbox 447 3251 651 3320; x_wconf 84' lang='lat' dir='ltr'><strong>consecratur,</strong></span> <span class='ocrx_word' id='word_1_216' title='bbox 691 3246 836 3326; x_wconf 76' lang='lat' dir='ltr'><strong>eidemque</strong></span> <span class='ocrx_word' id='word_1_217' title='bbox 869 3247 923 3306; x_wconf 86' lang='lat' dir='ltr'><strong>deo</strong></span> <span class='ocrx_word' id='word_1_218' title='bbox 955 3247 1094 3318; x_wconf 78' lang='lat' dir='ltr'><strong>culturae,</strong></span> <span class='ocrx_word' id='word_1_219' title='bbox 1178 3291 1179 3298; x_wconf 24' lang='grc' dir='ltr'><strong>κ</strong></span> 
     </span>
     <span class='ocr_line' id='line_1_31' title="bbox 205 3344 1178 3429; baseline 0.007 -29"><span class='ocrx_word' id='word_1_220' title='bbox 205 3345 381 3418; x_wconf 64' lang='lat' dir='ltr'><strong>agricolae</strong></span> <span class='ocrx_word' id='word_1_221' title='bbox 402 3346 470 3414; x_wconf 79' lang='lat' dir='ltr'><strong>deo,</strong></span> <span class='ocrx_word' id='word_1_222' title='bbox 492 3345 630 3423; x_wconf 88' lang='lat' dir='ltr'><strong>primitiae</strong></span> <span class='ocrx_word' id='word_1_223' title='bbox 651 3367 795 3428; x_wconf 90' lang='lat' dir='ltr'><strong>pomorum</strong></span> <span class='ocrx_word' id='word_1_224' title='bbox 818 3345 855 3428; x_wconf 83' lang='lat' dir='ltr'><strong>(l,</strong></span> <span class='ocrx_word' id='word_1_225' title='bbox 879 3357 908 3420; x_wconf 78' lang='lat'><strong>1,</strong></span> <span class='ocrx_word' id='word_1_226' title='bbox 931 3344 1004 3429; x_wconf 80' lang='lat' dir='ltr'><strong>u),</strong></span> <span class='ocrx_word' id='word_1_227' title='bbox 1027 3367 1095 3408; x_wconf 85' lang='lat' dir='ltr'><strong>uva·</strong></span> <span class='ocrx_word' id='word_1_228' title='bbox 1177 3373 1178 3401; x_wconf 64' lang='lat' dir='ltr'><strong>l</strong></span> 
     </span>
     <span class='ocr_line' id='line_1_32' title="bbox 205 3444 1177 3532; baseline 0.013 -36"><span class='ocrx_word' id='word_1_229' title='bbox 205 3458 267 3498; x_wconf 89' lang='lat' dir='ltr'><strong>rum</strong></span> <span class='ocrx_word' id='word_1_230' title='bbox 287 3459 397 3518; x_wconf 84' lang='lat' dir='ltr'><strong>quoque</strong></span> <span class='ocrx_word' id='word_1_231' title='bbox 413 3448 443 3500; x_wconf 88' lang='lat' dir='ltr'><strong>et</strong></span> <span class='ocrx_word' id='word_1_232' title='bbox 455 3444 592 3521; x_wconf 79' lang='lat' dir='ltr'><strong>spicarum</strong></span> <span class='ocrx_word' id='word_1_233' title='bbox 604 3447 751 3529; x_wconf 81' lang='lat' dir='ltr'><strong>laetasque</strong></span> <span class='ocrx_word' id='word_1_234' title='bbox 761 3467 875 3510; x_wconf 85' lang='lat' dir='ltr'><strong>meuaaa</strong></span> <span class='ocrx_word' id='word_1_235' title='bbox 888 3467 941 3528; x_wconf 94' lang='lat' dir='ltr'><strong>pro</strong></span> <span class='ocrx_word' id='word_1_236' title='bbox 953 3449 1095 3532; x_wconf 72' lang='lat' dir='ltr'><strong>gregibus</strong></span> <span class='ocrx_word' id='word_1_237' title='bbox 1176 3475 1177 3503; x_wconf 64' lang='lat' dir='ltr'><strong>l</strong></span> 
     </span>
    </p>
   </div>
   <div class='ocr_carea' id='block_1_7' title="bbox 0 0 1212 3978">
    <p class='ocr_par' dir='ltr' id='par_1_7' title="bbox 0 0 1212 3978">
     <span class='ocr_line' id='line_1_33' title="bbox 0 0 1212 3978; baseline 0 3"><span class='ocrx_word' id='word_1_238' title='bbox 0 0 1212 3978; x_wconf 95' lang='lat' dir='ltr'><strong> </strong></span> 
     </span>
    </p>
   </div>
  </div>
 </body>
</html>
