2446 3972
357 275 510 336 ECLOGA
530 275 591 346 vll,
614 281 759 336 14—20.
959 281 1004 342 tu

126 442 195 503 dicit
214 444 262 514 lll,
285 446 335 517 55,
357 444 386 502 id
406 407 641 522 uaexprimentc
661 442 785 521 quidem,
808 441 1004 501 5555115555-

125 545 289 638 gitatioucm
310 546 382 605 lenis
404 544 527 618 susurri,
549 563 629 624 quem
651 550 732 604 vetus
752 561 851 603 versun
870 543 1006 602 Victorini

125 647 152 705 11
172 669 201 728 p.
225 647 442 720 25301autlat:

225 780 307 844 Tale,
325 779 400 845 quale
416 795 476 832 vere
493 778 568 830 dulce
585 775 669 829 sibilat
685 781 753 830 teres
771 775 867 828 donax.

10 895 12 924 ⁴
124 899 188 959 Non
209 899 251 960 ita
272 899 369 979 procul
387 920 404 958 5
421 900 489 958 sede
506 917 648 978 quereus
670 905 731 956 crat
747 898 820 968 alta,
843 895 928 956 arbor
944 895 1010 955 lovi

123 1001 282 1062 Dodonaeo
305 1021 419 1072 ancre,
454 1001 534 1080 cujus
557 1019 573 1058 5
595 1006 694 1058 trunco
724 1005 823 1058 cavato
851 1002 1011 1057 examine

123 1122 226 1182 epum
246 1087 428 1162 resonabant.
470 1101 551 1159 Hauc
572 1118 685 1161 suavem
704 1089 854 1180 imaginem
872 1099 1011 1158 Theocri-

122 1211 172 1264 tus
194 1204 234 1263 ita
255 1203 340 1284 habet
361 1204 382 1276 l,
406 1209 481 1264 106:

193 1365 228 1376 -
244 1365 278 1374 -
296 1337 362 1389 Sunt
377 1352 460 1404 prope
477 1351 586 1404 quercus
603 1339 693 1404 estque
711 1349 830 1402 cyperos,

192 1421 229 1474 Et
244 1436 326 1490 prope
343 1436 406 1488 apes
423 1420 499 1471 dulce
516 1420 549 1471 ad
565 1420 662 1471 mellita
679 1419 792 1471 alvearia
808 1417 926 1472 stridunt

122 1541 240 1624 Virgilii
260 1542 352 1622 petria
373 1539 475 1600 fertilis
497 1559 578 1618 apum
601 1550 815 1625 erat,·quarum
838 1541 907 1612 mel,
929 1558 1016 1620 sapo-x

123 1643 166 1702 ris
183 1638 393 1724 jucundissimi,
425 1642 469 1704 vel
492 1662 554 1701 cum
576 1641 703 1719 Hyblaeo
725 1650 810 1721 pocta
831 1644 853 1714 l,
877 1648 916 1703 54
938 1663 1012 1702 com·
1074 1665 1076 1670 ·

123 1746 255 1825 parabat.
299 1745 374 1823 Apes
397 1743 551 1801 exeuntub
573 1751 638 1802 ortu
650 1743 852 1822 Vergiliarum,
874 1743 894 1803 i.
917 1764 941 1803 5.
960 1746 1011 1803 sub
1127 1787 1134 1798 .

49 1851 51 1860 “
123 1845 209 1906 finem
225 1846 344 1924 Aprilis,
366 1863 456 1921 usqare
477 1843 512 1900 ad
535 1843 607 1900 diem
629 1844 814 1902 solstitialem.
857 1844 1011 1918 Adripaa

122 1948 237 2028 quidem
258 1941 380 2006 viridis
409 1964 459 2022 pro
486 1945 612 2024 atrides
641 1943 732 2001 otiose
760 1949 837 2002 esset
864 1944 1011 2024 adjectum,

123 2067 211 2129 quum
233 2047 307 2127 prati
327 2046 405 2124 ripas
422 2039 497 2104 ultro
516 2044 620 2105 virides
639 2043 780 2126 fingamus
796 2045 903 2120 animo,
925 2047 1013 2108 Mac-

122 2155 179 2210 ca‘o
201 2157 293 2208 autem
308 2147 464 2227 speciosius
480 2146 510 2206 id
525 2147 671 2226 adjicitur,
693 2151 815 2206 circuti
831 2148 917 2209 variis
934 2150 1013 2228 plun-

123 2252 165 2311 tis
188 2250 373 2329 palustribus,
395 2248 545 2307 andella
567 2248 603 2317 ll,
628 2255 687 2308 199
710 2248 781 2306 idem
793 2252 923 2322 flumen
938 2247 1013 2310 ker-

125 2353 236 2420 bosram
268 2349 438 2408 nominatur.
487 2347 620 2418 Accedit,
653 2349 728 2425 quod
754 2351 879 2408 virides
906 2335 1014 2410 duobus

124 2459 238 2513 tautum
260 2450 287 2508 in
309 2449 389 2508 libris
416 2447 528 2524 scriptis
550 2448 759 2526 reperiebatur,
793 2450 923 2527 quoniam
949 2452 1016 2512 reli·

125 2553 179 2634 qui
200 2543 311 2622 omnes,
333 2551 461 2629 interque
483 2569 532 2608 eos
554 2548 726 2622 1151555555,ι
745 2571 871 2630 quoque,
892 2553 1014 2616 uiridis

126 2655 281 2720 Mincius
302 2671 380 2712 esse.
387 2652 539 2733 ponebant.

172 2797 176 2804 ⁴
216 2778 367 2834 14-20.
410 2772 560 2830 Abiremue
574 2791 610 2830 au
626 2774 782 2832 manereml
817 2768 1014 2854 Aguialacte

128 2875 239 2956 depulsi
260 2879 327 2932 aute
347 2873 537 2950 vespertinum
558 2871 650 2952 frigus
680 2873 755 2930 iutra
781 2874 919 2932 stabulum
947 2875 1015 2956 cogi

127 2977 276 3046 volebant,
304 2993 356 3032 uec
376 2974 475 3031 ederat
496 2972 658 3033 ancillarum
679 2973 782 3049 aliqua.
825 2975 1014 3036 Verumauim-

130 3097 199 3138 vero
230 3075 313 3155 quale
340 3080 481 3134 certamen
514 3065 634 3151 qualium
661 3080 806 3151 poetarum
836 3078 1012 3153 certantium,

132 3178 210 3257 quod
230 3177 327 3236 audire
347 3177 488 3256 poteram!
512 3174 666 3234 Consilium
688 3174 816 3234 constitit
837 3184 865 3236 ct
881 3180 1013 3240 remansi.

132 3309 175 3328 -·
196 3277 338 3356 Alcippe
358 3284 389 3336 ct
410 3274 542 3356 Phyllea
562 3277 703 3337 Meliboee
723 3277 863 3350 serviunt,
892 3281 940 3358 qui
960 3301 1012 3360 pro

134 3379 233 3439 ordine
254 3399 305 3438 suc
327 3379 397 3438 satis
419 3380 568 3458 opulentus
590 3385 665 3452 erat,
697 3399 807 3459 unaque
828 3399 889 3440 cum
920 3382 1013 3460 capris

134 3500 203 3542 oves
230 3499 339 3558 quoquc
364 3482 471 3556 alebut3
511 3481 626 3561 pauperi
652 3481 756 3542 Moreti
782 3481 883 3541 colono
905 3483 1011 3542 Simulo
