2392 3986
348 240 501 301 reuoca
525 241 571 298 u.
596 245 739 302 18-25.
921 217 1018 311 rrr'¹

67 385 70 392 ¹
95 430 149 469 non
174 413 283 468 tantum
306 405 528 479 labis,'crudis,
551 425 633 486 quum
658 407 836 479 immaturae,
859 424 921 465 cum
943 405 984 464 ni·
1090 477 1094 488 Ι

95 531 150 592 gra
173 509 271 568 tunica
292 509 431 580 decoctis,
454 528 536 587 quum
553 514 680 566 mabrrae
697 513 808 578 essent,
831 507 881 565 sed
902 507 985 566 etiam

95 613 184 670 densa
206 617 236 668 et
258 612 329 669 bene
351 610 445 667 alente
462 608 580 688 jucundi
596 608 706 687 saporis
717 607 811 666 radice
833 608 877 667 vel
900 609 986 666 cruda

95 712 138 773 vel
160 717 243 769 cocta
264 711 310 770 vel
332 717 421 780 tosta,
444 711 567 788 ipsisque
588 711 695 786 scapis,
718 708 854 786 quivirus
876 708 987 766 decocti

95 810 269 890 praebebant
290 829 456 869 araneosuru
479 811 507 868 irr
528 811 684 870 mandendo
699 807 738 886 *).
782 809 874 868 Etiam
895 809 987 886 ampla

94 911 183 983 solia,
209 931 281 989 quae
302 907 516 990 Nympbacae
537 911 637 970 similia
658 917 755 980 crant,
776 929 860 988 quum
882 909 985 967 intror-

95 1031 154 1072 sum
167 1013 404 1089 deprimerentur,
427 1011 463 1069 ad
484 1013 585 1090 pocula
601 1019 630 1069 et
646 1019 777 1089 pateras,
798 1012 926 1070 ciboria
938 1007 983 1090 ⁴²²)

95 1114 265 1193 appellatas,
294 1112 483 1184 adhibuerunt
513 1119 542 1168 et
569 1111 709 1170 nobilibus
740 1112 859 1169 metallis
885 1112 986 1171 imitati

97 1225 182 1272 sunt:
218 1213 312 1289 qualia
333 1233 402 1273 vasa
429 1212 565 1270 Horatius
588 1213 611 1269 ll
634 1212 686 1270 od.
709 1218 729 1272 7
749 1218 907 1270 mercatura
930 1232 986 1270 ma·

97 1313 192 1374 ritimo
214 1331 251 1371 ex
274 1299 569 1372 Alexandrianactus
591 1320 662 1371 erat.
706 1313 810 1371 Planta
832 1320 887 1372 tom
909 1313 986 1371 utilis
1034 1295 1037 1300 ¹

97 1435 148 1473 sua
161 1421 271 1496 'sponte
293 1414 461 1492 pullulabat,
484 1421 529 1485 et,
552 1414 599 1472 ubi
621 1415 748 1484 deesset,
771 1415 846 1473 nullo
869 1414 986 1495 negotio
1062 1421 1065 1426 '

97 1516 262 1585 serebatur,
283 1514 357 1574 sabis
378 1535 440 1573 oum
462 1513 546 1574 luteis
567 1513 659 1595 glebis
682 1515 826 1574 interram
849 1515 1000 1578 demissis..

97 1617 202 1675 Strabo
225 1616 326 1674 laetum
339 1616 505 1695 adspectum
527 1616 667 1673 sationum
688 1616 771 1674 fabae
792 1617 910 1695 inaquis
930 1619 986 1676 Ae·

97 1715 204 1798 gyptiis
240 1723 269 1774 et
314 1718 540 1776 comissationum
567 1717 732 1795 ,voluptates
770 1717 799 1774 ia
836 1718 987 1776 commodis

98 1817 216 1895 cymbis,
255 1837 327 1896 quae
355 1819 429 1876 inter
457 1819 560 1875 densas
588 1818 700 1875 umbras
721 1816 852 1875 foliorum
874 1819 986 1896 ingere-

99 1920 214 1989 bantur,
236 1916 438 1998 miratam).
483 1919 528 1974 llx
557 1917 601 1974 bis
628 1916 738 1974 indiciis
766 1918 908 1976 colocasia
928 1918 987 1976 llo·

98 2038 242 2078 manorum
263 2019 384 2077 minime
397 2025 454 2089 est,
477 2018 506 2076 id
518 2018 592 2096 quod
606 2018 755 2096 lllartynus
767 2017 880 2094 statuit,
903 2039 988 2080 arou

97 2120 267 2200 Aegyptium
278 2120 372 2179 radice
388 2119 476 2190 eduli,
497 2119 608 2179 Arum
624 2119 800 2180 Colocasia
811 2122 852 2181 L.
861 2164 869 2192 ,
892 2141 987 2200 quam·

98 2239 179 2297 quam
209 2221 293 2278 hodie
316 2241 333 2278 a
361 2222 473 2278 Graeco
494 2220 631 2278 vocabulo
659 2221 831 2290 colocasiae,
859 2242 914 2299 quo
936 2209 987 2282 uo·

98 2322 172 2380 mine
199 2322 283 2379 radix
305 2319 395 2376 edulis
422 2317 539 2394 primum
565 2317 649 2374 fabae
676 2319 825 2394 palustris,
860 2328 925 2396 post
946 2323 988 2380 ari

98 2421 259 2488 dicebatur,
282 2415 446 2474 Kullcaae
467 2416 495 2472 io
518 2416 652 2495 Aegyptii
675 2417 834 2495 appellaut3
856 2420 907 2478 set
923 2421 986 2480 Nc·

98 2520 259 2581 lumbium
287 2523 332 2572 cst
358 2515 500 2586 lodicum,
532 2514 728 2596 Nymphaea
750 2520 906 2579 ll⁷clumbo
927 2521 987 2593 L„

99 2621 180 2700 eujus
201 2618 284 2696 plane
306 2616 428 2675 windam
452 2624 579 2676 naturam
603 2639 665 2678 essa
689 2621 778 2679 nostri
799 2621 924 2681 homines
946 2623 988 2680 tli-

100 2725 182 2790 cunt,
211 2720 265 2776 boc
294 2725 461 2798 argumento
488 2719 602 2791 addito,
636 2719 734 2781 florem
761 2720 853 2781 forma
877 2725 988 2801 quidem

102 2816 324 2899 Nymphaeum
337 2819 461 2890 ullam,
484 2819 676 2899 magnitudine
688 2841 756 2881 vcro
769 2823 988 2883 Heliautlmm

103 2939 238 2999 aequare,
261 2925 291 2978 et
312 2918 341 2976 la
364 2919 427 2976 aliis
458 2920 611 2998 generibus
632 2921 727 2980 colore
748 2940 832 2980 roseo
839 2963 848 2992 ,
875 2923 904 2980 iu
926 2924 988 2987 aliis

169 3133 194 3198 ⁶)
231 3135 295 3184 rua
314 3132 339 3184 u.
357 3149 382 3183 a.
400 3133 472 3197 xxi,
490 3131 532 3184 51.

170 3232 211 3299 ⁰⁹)
247 3233 334 3301 Attea.
352 3237 470 3300 Deipaos.
489 3235 525 3285 lll
542 3251 569 3302 p.
587 3233 630 3288 72.
649 3235 686 3286 Xl
702 3254 728 3303 p.
747 3233 805 3289 477.

171 3331 232 3397 ⁹⁶⁰1
265 3332 298 3384 cf.
323 3333 443 3386 Schneid.
467 3334 520 3386 ind.
544 3337 577 3386 ad
601 3335 733 3404 Theopbr.
757 3355 777 3390 s.
802 3356 826 3390 v.
850 3357 947 3406 κυαμος
972 3339 986 3388 ὁ

108 3433 254 3496 Alyuueaoc.
