2424 3994
186 231 234 292 co
384 277 386 284 ,
444 185 602 282 reuoca
620 220 653 277 rr.
678 221 830 278 aa-eo.

187 381 409 469 rnibi'legavie'
436 387 536 466 quippe
562 384 740 465 dignissimo,
777 385 824 464 qui
851 385 879 442 id
906 383 1076 462 exciperem,

179 481 261 565 ‘quad
293 509 382 571 aegre
413 488 521 546 ferebat
552 487 689 564 Amyntas
720 504 870 568 arrogans.
927 487 1073 564 Syriam,

187 586 263 662 sive,
284 591 359 668 quod
380 587 510 646 Tibullus
532 586 567 658 ll,
591 591 619 658 b,
643 597 680 648 31
705 587 820 646 cecinit:

254 704 368 767 Fistula,
386 701 425 752 cui
443 715 545 768 semper
561 701 688 754 decrescit
705 701 835 753 arundinis
853 701 930 765 ord03

304 787 370 837 Nam
387 786 501 836 calamus
517 802 576 838 cera
589 787 707 852 jungitur
723 795 806 854 usqae
818 779 922 838 minor:

187 889 275 949 etiam¹
296 887 447 946 senioribus
469 889 641 968 temporibus
667 889 742 950 inter
763 909 934 949 communem
956 890 1075 969 supelle-

92 1021 95 1028 ·
186 990 278 1048 ctilem
299 995 441 1068 pastorum
463 998 526 1049 erat
548 991 685 1050 Graeciae
708 986 737 1050 et
758 990 844 1062 Latii,
867 990 1025 1070 disparibus
1047 996 1076 1048 et

186 1090 378 1150 crassitudine
405 1097 435 1150 et
465 1093 644 1174 longitudine
677 1093 806 1164 calamis,
839 1092 887 1170 qui
917 1110 956 1150 ex
984 1093 1076 1150 cicuta

186 1211 285 1270 saepe,
316 1198 380 1272 aut,
417 1194 492 1272 quod
520 1194 594 1272 apud
621 1193 802 1272 Calpurnium
826 1187 942 1265 lv,'74
970 1200 1029 1264 est,
1059 1213 1075 1252 e

170 1293 261 1354 burra
288 1289 403 1354 debiant.
446 1295 490 1353 Ad
520 1293 750 1373 simplicissimum
778 1301 889 1353 cantum
919 1295 1075 1354 silvestrem

185 1393 242 1451 lino
274 1401 303 1452 et
336 1371 408 1454 cera*
428 1395 532 1454 Pollux
563 1395 686 1476 calamos
711 1393 828 1474 junctos
859 1395 949 1454 fuisse
974 1395 1074 1467 tradit3

185 1513 232 1552 raus
254 1501 352 1566 aucta,
374 1495 415 1554 uti
437 1496 533 1574 Lyrae
554 1490 641 1567 fides,
663 1485 835 1557 ita'fistulae
857 1516 963 1556 cannas
985 1497 1074 1567 auxit,

185 1613 257 1672 qaae
278 1591 433 1656 fabricatae
454 1597 619 1678 diligentius
641 1604 671 1657 et
691 1597 864 1661 vinculorum
877 1597 988 1664 circulis
1009 1617 1076 1656 corr·

185 1695 317 1768 strictae,
339 1699 472 1776 aequales
493 1719 593 1778 supra,
615 1699 777 1778 inaequales
798 1698 872 1758 iufra
894 1704 997 1769 elaot‚·
1012 1699 1076 1758 alae

129 1813 149 1870 Ἰ
185 1797 283 1857 instar.
326 1799 369 1857 Aa
402 1799 596 1880 simpliciorem
629 1799 705 1859 illam
732 1801 801 1859 baec
827 1801 967 1858 Martialis
993 1800 1075 1870 xlv,

185 1907 225 1961 63
247 1899 405 1980 pertinent:
500 1933 504 1942 ·

253 2016 322 2070 Quid
339 2031 381 2067 me
398 2023 555 2083 compactam
573 2015 638 2067 ceris
656 2021 683 2068 et
700 2014 825 2066 arrandinc
841 2013 931 2067 rides?

303 2100 377 2154 Quae
394 2099 503 2166 primurn
519 2104 616 2152 structe
633 2104 673 2152 est
688 2097 789 2163 fistula,
807 2098 865 2150 talis
882 2103 946 2151 erat.

185 2203 330 2284 Ejusmodi
356 2203 477 2282 aliquem
503 2198 587 2262 trium
615 2189 803 2274 arundinump
831 2222 905 2272 τους
931 2219 1077 2283 τρισσσυς

184 2302 337 2378 δοιάκας,
364 2304 506 2384 Daphnidi
532 2303 829 2388 Theocritustribuit
849 2305 948 2386 Epigr.
972 2306 1012 2376 ll,
1037 2317 1076 2377 3,,

184 2406 232 2464 abi
254 2425 386 2484 τρητονς
407 2405 565 2465 emendatio
581 2406 712 2465 salmasii
733 2406 868 2465 audacior
889 2412 941 2464 est.
985 2407 1018 2464 Si
1039 2427 1077 2466 ex

184 2513 296 2566 clema
317 2517 440 2584 septem
461 2509 583 2564 calam·
604 2505 719 2576 fiebant,
741 2505 827 2565 etiam
847 2506 921 2565 inter
942 2507 1075 2566 artificio·

185 2609 458 2667 stomacacen-otas
478 2606 613 2666 videmus.
657 2607 807 2666 Theocriti
828 2609 944 2687 quidem
959 2607 987 2666 in
1000 2609 1075 2680 vm,

186 2718 226 2770 18
254 2727 307 2788 par
332 2707 502 2766 aemulorum
530 2714 613 2766 cantu
646 2709 874 2769 contendentium
902 2710 938 2768 de
963 2715 1076 2770 melec

184 2813 292 2871 vocale·
313 2807 469 2869 arundinea
489 2805 584 2867 fistula
604 2810 759 2894 gloriatur:

134 2975 141 2986 Ι
217 2947 221 2952 ’
250 2926 367 2991 Fistula,
386 2923 570 2994 quam-novies
587 2927 703 2978 vocalem
719 2925 770 2977 feci
788 2941 838 2991 ego
855 2923 998 2992 pulchrarum

251 3009 369 3064 Candida
385 3025 445 3065 cera
461 3021 540 3078 snpra
556 3009 632 3062 sinrnl
649 3015 702 3075 est,
720 3009 797 3062 sbuul
813 3009 900 3064 addita
917 3015 944 3060 et
959 3007 1034 3060 imm.

184 3115 318 3174 Nummus
347 3115 542 3192 Syracusanus
574 3113 766 3184 Laudolinae‚
805 3112 864 3170 lliri
895 3111 1075 3183 Gravissimi,

178 3218 265 3297 xcujus
283 3207 439 3275 'Munterus
465 3214 531 3273 mibi
560 3209 698 3294 [amicus]
728 3214 946 3292 descriptionem
971 3213 1076 3290 pictam

185 3317 396 3378 communicavit
427 3311 544 3394 (exstet
573 3333 684 3394 quoque
712 3315 740 3372 in
768 3309 900 3374 Bibliotb.
930 3313 1075 3372 literarum

185 3427 308 3484 veterum
331 3421 361 3476 et
381 3413 452 3474 artis'
472 3406 615 3496 elasa),
637 3416 666 3474 in
679 3416 778 3475 'altera
798 3422 879 3494 parte
900 3415 997 3474 Panas
1019 3415 1076 3474 lert
