2414 3978
190 227 256 294 176
441 220 596 280 totoue
618 219 670 292 tx,
694 226 827 282 er-eu

189 391 251 450 den
282 387 358 470 (viro
374 388 434 448 'isti
462 391 572 468 euirrrto
600 409 660 448 non
687 391 802 450 multum
825 391 1005 466 dissimilem,
1032 397 1082 475 qui
1197 383 1198 406 ³

189 493 290 572 pileum
315 491 422 570 pellicis
443 512 513 552 suae
535 492 708 550 amatorculo
731 491 827 551 furtim
842 493 994 575 surripuit)
1017 515 1082 556 can

188 615 250 654 men
278 594 353 652 inter
380 595 500 673 eundum
528 594 806 653 decantatumsatis
834 595 939 677 lelmre
962 597 1080 656 ourilm

188 697 223 756 ulr
245 715 280 768 eo
302 695 407 754 furori:
437 696 538 766 dicite,
565 694 732 754 facetiarum
754 695 963 776 intelligentes,
985 705 1081 756 utrum

188 817 252 858 esee
269 797 408 876 iocosius.
452 797 531 864 (tuot
551 795 675 855 carmina
697 797 855 874 pastoritio,
877 799 979 859 tertiae
995 819 1081 877 pree·

187 899 282 960 sertim
306 906 335 957 et
357 899 493 977 septimae
514 901 650 979 eclogae,
673 906 743 975 quot
764 897 901 970 artificia,
923 917 996 977 quae
1018 899 1080 958 imi·

187 1001 292 1060 tmnina
314 1009 412 1060 essent
433 1000 571 1071 veritatis,
595 1000 669 1075 upud
688 999 834 1058 lloretium
855 1007 885 1058 et
895 1001 969 1059 alios
980 1019 1079 1062 crasse

187 1121 225 1161 ex
247 1102 332 1160 litera
352 1101 525 1180 interpretes
541 1101 720 1180 interpretati
736 1103 819 1167 suot!
842 1102 970 1179 Nuper,
993 1121 1078 1180 quum

186 1203 266 1262 fundi
290 1203 439 1284 Virgiliuni
462 1203 583 1262 noudum
606 1210 779 1262 metueretur
800 1203 979 1274 distributio,
1002 1201 1078 1262 festu

186 1307 305 1384 quodam
328 1305 387 1376 die,
416 1305 516 1374 credo,
544 1325 595 1384 per
616 1312 794 1364 auctumnum
815 1312 867 1364 eut
888 1305 1002 1362 hiemem
1025 1323 1079 1385 gu·

186 1407 288 1466 niulem
315 1407 371 1465 Llr.
400 1407 427 1478 l,
462 1415 539 1476 301,
569 1407 596 1478 in
624 1407 720 1486 egris,
749 1425 804 1484 quo
827 1415 932 1464 cuatus
949 1414 1078 1464 umentes

185 1507 267 1566 smici
294 1507 337 1566 sio
359 1527 375 1564 e
397 1506 515 1576 ricinia,
543 1514 575 1564 ut
595 1508 630 1565 ad
653 1507 826 1586 praediolum
850 1508 960 1566 Horatii
983 1509 1077 1566 Seres.

141 1631 149 1643 ·
186 1608 226 1678 ll,
254 1615 290 1678 6,
319 1613 359 1669 66
388 1589 455 1666 nole
483 1607 584 1666 luerem
611 1607 790 1680 familiarem,
819 1609 928 1670 evocati
951 1607 1079 1682 fuerant,

185 1709 293 1768 Moeris
315 1707 402 1768 elueri
424 1716 517 1767 animo
539 1727 625 1768 unum
649 1731 685 1768 ex
703 1711 873 1771 earminilms
885 1711 1001 1791 juvenis
1015 1711 1078 1770 Vir·
1197 1713 1198 1720 ’

185 1809 249 1892 gilii
276 1811 460 1882 recitaverat,
489 1811 562 1890 quod
586 1811 710 1888 Lycidas
731 1814 894 1872 auscultans
914 1812 1079 1872 memoriter

185 1913 310 1973 mnebut.
374 1913 519 1973 Nostrae
556 1916 715 1987 delicias,
769 1923 895 1974 unarum
942 1931 1077 1986 anona,

184 2012 279 2074 fictum
301 2014 370 2072 dicit
391 2014 515 2091 Lycidas
538 2014 765 2094 Amaryllidis
786 2017 922 2094 speciem:
944 2017 1077 2095 quonium

184 2115 240 2173 isto
272 2135 326 2172 non
350 2115 441 2172 minus
463 2135 564 2193 saepe,
599 2135 680 2194 quam
703 2111 838 2194 Phyllidis
860 2117 915 2192 ΙΙΙ,
949 2125 1001 2180 76.
1025 2125 1078 2180 78.

187 2222 263 2286 107,
295 2215 408 2274 nomine
441 2217 566 2275 Veneres
595 2237 662 2277 suas
689 2225 821 2296 pastores
848 2218 877 2277 in
904 2219 1077 2278 curminibus

184 2315 385 2398 significabant
407 2319 441 2389 ll,
468 2326 516 2380 14.
540 2319 588 2393 ΙΙΙ,
611 2327 667 2392 813
690 2319 844 2398 eodemque
866 2321 994 2381 nimirum
1017 2322 1076 2398 lay·

185 2419 263 2478 cidus
297 2438 410 2497 qnoque
437 2440 522 2481 suam·
543 2420 571 2479 in
600 2422 731 2481 versibus
762 2423 909 2502 designat,
942 2423 1078 2482 carminis

183 2519 282 2578 rustici
305 2521 443 2600 magister
463 2543 491 2584 ν.
514 2529 566 2584 32.
609 2525 655 2584 Se
669 2526 785 2597 ferre.
809 2544 842 2584 se
858 2525 985 2603 jactare:
1018 2525 1078 2583 mn·
1197 2519 1198 2528 ¹

183 2638 258 2677 crem
280 2619 403 2677 habitum
425 2622 519 2702 pingit
535 2625 666 2702 speciose
679 2624 846 2684 incedentis.
892 2625 1004 2702 caper
1020 2647 1078 2703 pe·

183 2721 309 2791 tulnae,
338 2719 384 2798 qui
413 2741 451 2780 ex
474 2725 632 2784 'flreocrito
654 2726 798 2786 desumtus
820 2735 880 2799 cst,
910 2736 955 2786 est
976 2727 1084 2808 ampliu·

182 2821 331 2896 cornibus,
362 2821 435 2883 villis
464 2824 535 2884 albis
557 2832 587 2884 et
608 2829 742 2906 prolixis,
774 2831 809 2889 de
830 2849 940 2911 genere
960 2847 1077 2908 enprne,
1127 2845 1130 2852 ·
1197 2893 1198 2900 ,

182 2943 264 3002 quum
294 2945 368 2985 nune
396 2925 507 2998 dicunt,
537 2927 725 3008 Angolensis3
757 2930 846 2990 Siculi
874 2951 935 2990 cem
956 2941 988 2990 et
1012 2932 1076 2989 ltuli

182 3043 218 3084 ux
246 3026 343 3086 Africo
370 3029 511 3088 habebunt
534 3030 586 3089 leli.
609 3032 663 3103 ΙΙΙ,
696 3042 768 3102 ³11·
811 3033 856 3092 Au
879 3032 1076 3112 expulsione!

181 3125 295 3207 Virgilii
327 3147 441 3188 cermeo
474 3132 529 3190 hoc
563 3151 654 3210 nuper
685 3139 828 3192 centetum
858 3155 914 3193 non
943 3133 1077 3194 allusisse

180 3234 308 3307 poterut3
341 3230 412 3288 alias
439 3230 529 3303 enirn,
561 3240 592 3294 ut
618 3235 742 3314 reliquus
769 3235 892 3314 ineptias
918 3243 1075 3307 taceamus,

98 3378 100 3383 .
180 3349 237 3388 non
273 3329 357 3389 hodie
390 3331 499 3390 demum
527 3332 652 3409 Lycidas
678 3354 739 3394 eam
768 3337 909 3396 demirans
936 3339 1076 3398 audisset.

180 3429 224 3488 An
246 3430 372 3506 Lycidas
393 3450 480 3501 nunc,
513 3433 605 3493 locum
627 3437 701 3495 huuc
720 3437 854 3496 carmanis
874 3439 1002 3518 eligens,
1031 3446 1074 3500 ts·
