2424 3994
118 207 119 210 ’
171 233 221 298 pn
294 271 299 274 .
423 225 578 286 adtraat
602 227 648 286 m.
674 231 818 288 sa-sa.

173 391 240 452 anni
258 391 392 465 adortum
415 392 546 458 Quintilii
560 390 589 473 ⁰)
612 394 846 454 cnm'Aristctelc
862 392 923 470 ipso
946 391 974 450 in
992 411 1067 452 men-

88 539 92 546 .
173 479 250 552 silus
276 493 366 572 Aprili
392 501 421 550 et
444 494 536 572 lllajo,
564 502 714 573 utpa'rtus
740 492 895 552 Februario
919 513 1017 552 mense
1039 499 1068 552 et

172 595 277 657 Martio
298 594 426 666 eveniat3
461 604 506 665 et,
535 595 582 652 ubi
607 595 681 658 lacte
704 595 829 668 vivatur,
857 593 967 652 Plinius
991 593 1067 664 dicit,

125 684 132 696 ἴ
174 695 397 772 omnitempore
420 695 487 756 anai
506 697 599 754 curari
619 703 651 754 ut
673 695 769 786 foedos
792 696 878 756 boves
901 695 972 754 sint:
1019 695 1068 757 Vt·

129 869 132 878 ¹
174 799 240 856 toli
260 794 444 856 secluduntur
465 815 483 854 a
505 795 615 873 reliquo
640 815 748 876 grege,
774 803 819 866 et,
858 815 942 875 quum
964 804 1069 855 matres

175 898 284 958 domum
304 895 454 962 reveniunt
480 897 524 956 vel
548 915 630 974 quum
653 897 681 954 in
706 904 814 974 pastura
833 904 958 967 exeunt,
985 915 1069 954 usam·

174 1019 235 1058 mas
251 1004 374 1078 sugunt3
406 1003 557 1056 auctnmao
579 1017 636 1056 una
661 1015 724 1059 cum
750 997 884 1058 matribus
905 1003 1068 1076 pascuntur.

177 1100 298 1172 vaccas,
321 1099 386 1158 dum
407 1117 538 1159 mammas
561 1099 711 1178 praebent,
733 1101 883 1176 mnrlgere
903 1116 921 1157 a
942 1097 1069 1176 patribus
1186 1092 1187 1117 ³

175 1197 306 1264 uadum
330 1207 412 1270 erat,
451 1209 533 1276 quein
563 1219 668 1258 urnrcm
697 1200 796 1260 novitii
824 1199 1070 1278 reprehendebant

175 1302 230 1362 La.
250 1303 300 1375 ill,
322 1307 391 1360 176.
434 1301 606 1372 Medma,
619 1303 808 1360 'analatralc
829 1308 859 1360 ct
879 1303 1065 1372 mulctram,

174 1423 226 1463 vas
242 1402 279 1460 ad
299 1400 488 1480 mulgendum.

85 1499 92 1508 ’
173 1561 177 1572 ,
261 1507 407 1564 32-34.
451 1502 605 1581 Caprarins
620 1523 784 1583 qnaunquarn
804 1497 955 1582 tantopere
973 1521 1005 1560 se
1023 1521 1069 1561 ar·
1186 1506 1187 1529 Ι

71 1599 74 1603 ’
176 1610 232 1664 tem
254 1601 410 1663 Damoetae
437 1604 582 1683 despicere
606 1591 770 1689 simulabam
803 1611 894 1664 tumen
919 1605 954 1664 de
975 1624 1070 1686 grege

176 1724 229 1764 suo
245 1725 299 1783 par
317 1704 422 1789 pignus
436 1705 597 1765 certaminis
611 1703 639 1762 in
660 1700 808 1774 discrimen
826 1706 999 1768 committere
1018 1706 1070 1764 dn-

94 1835 96 1844 ·
154 1803 157 1810 ’
178 1805 259 1866 bitot.
300 1806 416 1866 Patrem
431 1807 514 1878 enim,
536 1806 583 1884 qui
602 1806 736 1864 minorem
751 1805 866 1864 fundum
880 1807 1071 1878 conduxerat,

178 1908 294 1988 quique,
328 1915 360 1966 at
380 1908 445 1968 aliis
469 1907 601 1986 operibus
617 1905 731 1965 rusticis
751 1914 882 1978 vacaret,
916 1905 1005 1966 lilium
1021 1927 1072 1968 ca·

133 1998 137 2010 l
177 2029 243 2088 pras
268 2027 385 2085 pascere
403 2008 544 2084 jusserat,
578 2024 639 2063 curn
660 2007 745 2083 impia
768 2014 797 2064 et
824 2023 925 2067 savera
945 2028 1074 2070 noverca
1111 2033 1114 2038 ·
1187 2029 1188 2044 ³

178 2109 229 2166 bis
253 2106 378 2184 quotidie
408 2123 494 2182 pecus
526 2117 695 2176 numerata*
726 2125 782 2164 non
809 2112 916 2164 tanturn
946 2109 1071 2187 vesperi,

178 2226 262 2288 quum
285 2207 395 2266 domum
420 2205 539 2265 redeant
558 2207 612 2266 La.
635 2205 686 2278 lV,
715 2211 791 2280 433,
823 2207 889 2279 sed,
909 2209 985 2286 qnod
1007 2210 1072 2270 dili-

179 2315 281 2391 gentes
298 2306 514 2386 patresfamilias
536 2307 632 2367 facere
653 2309 796 2382 solebant,
819 2307 903 2367 etiarn
922 2331 1017 2382 manc3
1040 2319 1072 2370 et
1109 2365 1113 2371 .

179 2411 344 2472 alterutrum
375 2429 526 2469 recensere
555 2411 689 2469 minorem
721 2430 864 2478 numerum
889 2411 1070 2490 capellarum.

178 2511 332 2586 laquata,
354 2507 464 2586 iniqua,
487 2508 607 2567 immitis.
650 2511 755 2568 Versus
777 2518 842 2588 post
863 2514 949 2572 doma
970 2513 1070 2574 incidi-

179 2619 240 2680 tur,
262 2626 426 2686 quamquam
443 2608 690 2686 sententiamque
707 2611 742 2668 ad
756 2624 858 2688 pater
878 2614 1067 2676 continuatur.

179 2711 241 2770 Hoc
265 2706 375 2782 rariore
404 2706 596 2790 inconstantia
619 2709 736 2782 accidit,
765 2713 994 2790 quemadmodum
1021 2715 1067 2786 vl,

71 2887 72 2892 ἵ
180 2818 230 2882 66,
248 2829 304 2889 qua
324 2808 435 2870 minime
452 2807 589 2882 efficitur,
619 2818 651 2869 nt
671 2813 776 2871 uostris
792 2814 949 2874 hominihus
969 2833 1067 2877 versus

180 2931 347 2991 componere
364 2911 463 2983 liceat,
485 2911 532 2990 qui
550 2913 709 2991 spondaeus
728 2921 757 2974 et
779 2915 908 2994 dactylos
929 2915 958 2974 in
982 2917 1067 2978 tertio

180 3014 240 3074 icta
258 3015 448 3072 indiuiduos
470 3013 606 3084 habeant,
629 3015 703 3092 qnod
723 3035 829 3096 genus:

181 3110 403 3176 Sahdngcmessne
419 3113 497 3163 Beue
508 3111 511 3180 l
522 3129 627 3177 gangen
649 3111 733 3166 sodert
756 3114 802 3165 der
820 3114 884 3164 Vens
902 3112 948 3165 des
962 3115 1066 3182 Apollo.

181 3214 240 3274 Sed
265 3219 342 3272 recte
369 3231 467 3272 uersus
493 3215 625 3274 udlnilsere
651 3215 749 3287 liceat,
783 3216 830 3295 qui
856 3219 991 3278 dividuo
1017 3217 1066 3278 ibi·

182 3347 383 3358 ——a—-u-n—

247 3429 276 3511 s)
312 3428 341 3480 111
360 3428 516 3498 Geoponicis
533 3429 588 3484 sive
604 3429 637 3482 de
654 3443 683 3482 re
700 3429 795 3482 rustica
812 3431 894 3500 livit,
911 3431 938 3485 d.
