2392 3986
184 317 252 379 lbd
448 303 603 364 ucbucs
624 301 671 363 tv.
695 307 820 365 s-,1o.

187 474 301 544 medici,
329 461 461 531 Bacchi
483 468 679 550 procedentis,
717 464 850 544 imprimis
889 454 1000 524 ‘Hltov
1019 461 1082 522 ‘slva

190 575 301 644 Solia,
332 571 400 630 solis
428 591 527 652 cursus
558 568 689 628 rectoris.
733 567 812 625 llaec
838 561 967 623 confusio
995 568 1026 620 et
1054 561 1083 620 in

192 675 306 734 oraculo
325 670 463 748 Sibyllino
486 677 544 739 est,
567 669 642 748 quod
664 667 793 726 deludis
815 663 1015 724 Saecularibus
1026 663 1083 720 Zo-

191 775 278 833 simus
300 773 335 842 ll,
359 769 505 839 6‘uffert,
533 774 562 826 et
583 769 612 825 in
634 767 758 827 carmine
785 766 897 824 Horatii
918 765 948 823 in
969 763 1085 822 eosdem

191 875 289 943 ludos,
312 872 341 930 in
363 889 418 948 quo
441 888 498 928 non
521 868 632 926 dubium
655 873 714 937 est,
737 867 804 945 quin
828 865 975 944 opiniones
991 864 1084 940 Sibyl·

192 975 266 1032 linos
288 969 453 1048 susceperit.
497 969 578 1029 Unde
601 974 735 1026 mutatam
752 966 842 1025 fuisse
864 965 1020 1024 doctrinam
1041 981 1084 1023 se·

192 1078 297 1131 riorum
320 1071 452 1129 librorum
482 1069 680 1146 Sibyllinorum
711 1073 837 1147 apparet.
881 1065 951 1124 Nan
976 1065 1006 1123 in
1029 1063 1085 1142 pri·

195 1174 270 1232 stine
305 1171 416 1251 quidem
441 1152 599 1247 'Tarquinii
626 1169 794 1228 collectione
830 1185 915 1226 verus
952 1185 1084 1224 summum

79 1283 82 1294 '
194 1262 294 1352 A'pollo
323 1292 387 1330 esse
421 1275 566 1348 potuerat,
600 1275 630 1326 et
657 1267 706 1327 vix
728 1268 792 1326 dum
814 1267 853 1338 is,
884 1258 982 1345 quem,
1013 1271 1086 1324 teste

93 1381 99 1394 “
195 1374 320 1432 Arnobio
336 1369 381 1451 *),
409 1371 471 1448 ipsa
497 1368 675 1447 Pompiliano
703 1368 917 1449 indigitamenta
939 1367 999 1428 sive
1020 1365 1084 1424 libri

195 1471 377 1531 Pontificalcs
405 1453 440 1528 de
470 1469 524 1527 diis
556 1489 574 1528 a
602 1471 693 1527 Numa
714 1469 836 1549 receptis
857 1468 955 1547 scripti
977 1467 1086 1525 nescie-

196 1576 278 1645 bant,
300 1571 411 1629 minime
434 1570 538 1628 tralato
559 1575 644 1647 atque
665 1570 810 1628 immutata
839 1569 873 1626 dc
899 1567 1030 1647 Apolline
1047 1586 1086 1645 o-

195 1673 288 1753 pinio,
322 1673 357 1730 de
385 1691 440 1750 qua
466 1678 523 1730 tum
551 1671 685 1749 temporis
719 1671 768 1730 vix
798 1669 912 1730 urcem·
929 1667 1086 1748 pbilosopbi

195 1765 402 1855 cogitaverunt.
446 1773 546 1849 ltaque
558 1771 675 1830 Servius
691 1791 748 1829 non
767 1777 873 1829 temere
894 1769 970 1850 egit,
993 1787 1085 1848 quum,

196 1875 339 1952 Sibyllam,
362 1893 491 1943 narrans,
514 1873 862 1942 decimumnonum,
886 1871 988 1948 quippe
1011 1873 1086 1930 eoes'-

195 1989 263 2036 tam
277 1978 420 2048 ferreae
441 1977 581 2042 aetatis,
606 1972 721 2049 imperio
739 1974 832 2031 Solia
843 1970 993 2050 tribuisse,
1016 1972 1087 2030 benc

199 2073 459 2152 interpretationem
482 2069 631 2147 adjiceret,
654 2070 748 2127 Solem
773 2089 841 2129 vero
864 2070 992 2128 eumdem
1014 2089 1086 2142 esse,

197 2174 244 2252 qui
265 2173 399 2250 Apollo.
444 2168 606 2228 Communis
627 2165 723 2227 sabula
744 2168 855 2247 quidem
877 2170 966 2228 tribus
986 2172 1087 2231 aetati·

106 2309 109 2314 ·
195 2275 249 2332 bus
270 2272 418 2352 postremis
450 2272 549 2330 lovem
571 2270 710 2348 imperare
736 2270 861 2343 dicebut3
896 2277 963 2330 sunt
984 2278 1086 2342 tamen,

197 2377 297 2434 doctus
318 2373 409 2451 inquit
431 2373 555 2431 Senator
576 2372 724 2452 Nigidius,
746 2372 816 2432 Julii
828 2373 960 2432 Caesaris
982 2393 1086 2453 aequa-

195 2475 231 2532 lis
244 2473 306 2552 ⁹⁹),
329 2473 450 2550 exempli
472 2492 574 2531 caussa
584 2474 727 2550 Orpbeus,
749 2474 796 2552 qui
818 2475 947 2555 singulos
966 2482 1087 2552 quatuor

197 2574 338 2662 aetatibus
358 2591 444 2650 reges
466 2571 623 2641 ascribant,
646 2573 813 2645 Saturnum,
841 2575 956 2646 lovem,
978 2577 1086 2655 Neptu·

195 2693 261 2730 num
283 2677 312 2730 et
332 2671 496 2742 Plutonem3
526 2671 588 2742 alii,
616 2673 713 2750 quoles
735 2675 828 2756 Magi,
859 2695 979 2756 regnum
1006 2695 1086 2735 suum

197 2772 282 2832 etium
308 2770 462 2848 Apollini
490 2771 641 2830 destinant.
684 2775 807 2835 Ultimae
834 2777 936 2835 aetatis
963 2776 1085 2848 ferreae,

197 2874 242 2933 cui
262 2874 347 2933 Pluto
376 2871 544 2950 imperabat,
573 2873 625 2932 sub
654 2873 738 2934 linem
765 2876 898 2936 credibile
919 2886 978 2948 est,
1006 2897 1086 2936 mun-

133 3053 136 3058 ¹
197 2974 276 3033 dum'
294 2975 330 3034 ad
365 2974 517 3033 redeuntes
539 2972 690 3058 (elicitates
723 2977 850 3036 nimirum
877 2983 909 3035 ut
938 2977 1084 3056 exploret:

196 3094 360 3154 quamquam
381 3075 514 3156 Nigidius
541 3076 671 3157 conjicit,
702 3079 874 3157 Apollinem,
902 3077 971 3137 solis
994 3081 1085 3149 deum,

195 3177 323 3236 ardorem
345 3174 429 3236 facile
451 3175 614 3257 significare
636 3198 735 3256 posse,
757 3179 804 3257 qui
826 3179 968 3240 dimidiato
991 3187 1085 3239 tamen

264 3395 276 3421 0
542 3390 554 3420 Γ
647 3389 652 3398 “

265 3391 308 3554 3,
327 3389 464 3541 ‘ull
479 3389 614 3553 idn.
