2394 3980
374 290 528 351 achaea
548 289 596 362 vl,
622 296 767 352 74-76.
831 294 834 306 '
971 298 1018 362 δῦ

135 458 233 518 laudes
253 459 331 538 prius
352 460 501 520 continuit.
545 445 614 518 Vide
635 457 691 517 [ὼ.
716 458 763 532 lV,
787 465 857 521 394.
899 460 1017 524 Mirifice

134 567 228 619 numm
243 561 325 621 Gallo
343 561 463 621 blandiri
484 560 593 631 debuit,
615 561 689 639 quod
709 560 764 620 lnoc
777 560 886 639 quidem
907 562 938 620 in·
955 563 1016 625 loeo

72 699 75 706 ·
134 661 248 722 Silenus
269 662 362 722 animo
381 663 472 722 elatus
489 683 545 723 non
564 669 670 722 tanturn
688 661 868 724 novissimum
883 669 911 722 et
929 655 1026 722 matu·'

132 763 271 823 tissimum
288 765 322 823 de
338 783 451 823 nemore
467 767 582 843 Gryneo
600 783 720 835 carmen,
743 764 861 824 laudans
876 763 914 835 id,
938 764 1018 843 quasi

1 879 2 908 l
132 884 248 925 mouere
263 867 352 925 Musis
369 866 404 924 ab
422 865 490 945 ipsis
505 866 558 926 sibi
575 866 720 944 imposito,
742 874 827 924 cantu
843 865 946 938 refert,
968 867 1018 924 sed
1035 856 1042 877 ⁴
1073 863 1083 882 ⁹

132 966 218 1026 etiam
240 986 277 1026 ex
299 967 352 1025 lunc
373 966 546 1044 antiquiore,
583 986 701 1045 quocum
724 967 758 1024 ad
780 965 923 1025 Heliconis
943 965 1019 1024 radi·

131 1087 182 1128 ecs
205 1068 304 1128 Gallus
334 1068 424 1126 adlrue
445 1073 605 1138 erraverat,
637 1067 727 1125 locam
749 1067 883 1145 aliquem,
919 1066 1019 1128 leviter

102 1233 104 1240 Α
131 1187 197 1228 eum
220 1168 386 1239 emendans,
420 1167 538 1246 repetit,
571 1167 679 1246 ipsique
701 1169 735 1227 de
761 1168 881 1227 luscinia
906 1168 1017 1228 fabulae

131 1291 159 1330 v.
184 1277 221 1330 81
247 1269 418 1349 prohabilem
446 1289 486 1355 eu¹
511 1270 607 1328 eodem
634 1269 757 1328 carmine
784 1262 893 1330 versum
922 1267 1016 1331 infert

130 1371 233 1444 Video,
257 1369 399 1432 Gifanium
420 1389 530 1449 quoque
552 1377 594 1442 et,
617 1378 681 1451 post
702 1391 773 1443 ennr,
795 1371 948 1445 Raetinium,
970 1370 1018 1449 qui

49 1532 51 1538 ,
133 1473 250 1556 primum
268 1479 437 1554 negaverat,
460 1479 490 1530 et
510 1472 661 1533 novissime
685 1473 835 1532 Fontonini
858 1474 955 1533 ltolum
970 1471 1017 1532 ci·

131 1572 185 1633 rim
215 1574 298 1634 Gallo
324 1573 471 1647 tribuisse3
500 1594 595 1635 verum
623 1594 717 1633 eorum
746 1575 1015 1657 argumentationem

132 1695 217 1754 quum
234 1696 289 1734 uon
309 1676 409 1757 magis,
431 1661 511 1754 quarn
528 1675 677 1736 Schraderi
691 1675 896 1749 refutationem,
917 1675 1017 1757 cogni-

132 1785 191 1838 tnm
203 1778 345 1855 haberem,
368 1795 429 1835 mea
451 1775 573 1835 mihimet
589 1776 643 1853 ipsi
659 1777 844 1858 ingredienda
859 1777 932 1836 ratio
944 1784 1016 1838 erat.

148 1857 150 1862 ι
220 1884 263 1939 74
284 1909 324 1922 -
343 1869 414 1937 76.Ι
445 1875 520 1940 tenid
548 1875 685 1948 referam,
714 1883 747 1934 ut
772 1877 893 1954 Scyllam
912 1910 955 1922 ·-
974 1909 1017 1924 -

1 1977 2 1998 ¹
132 1981 232 2050 deest,
266 1975 458 2056 proposuerit,
498 1982 693 2038 narraverit
711 1997 728 2041 a
749 1997 832 2039 vorsu
853 1985 908 2050 783
945 1996 1017 2058 quae

132 2079 257 2141 formula
286 2077 506 2138 continuationis
532 2064 667 2139 Romania
699 2079 844 2140 admodum
870 2079 947 2154 trita
964 2085 1018 2140 ast.
1095 2151 1097 2160 Α

137 2179 228 2252 Quid
247 2184 381 2261 loquar,
409 2192 461 2251 nrt,
484 2182 558 2258 quod
579 2181 650 2241 liber
671 2183 814 2240 Romanos
834 2181 932 2253 habet,
959 2181 1019 2263 legi

134 2285 250 2346 videtur
276 2301 392 2341 necesse
419 2301 497 2354 esse3
534 2281 662 2360 quoniam
692 2282 783 2350 onan
812 2284 933 2360 loquar
959 2294 1022 2343 aut
1094 2324 1096 2332 ,

136 2385 288 2464 Scyllam
306 2382 341 2440 ad
360 2382 498 2461 auditoria
516 2381 644 2452 animum,
661 2382 708 2460 qui
730 2395 791 2442 aare
806 2383 923 2460 quidem,
945 2384 1019 2460 qnod

137 2485 281 2563 sequitur,
303 2482 352 2541 sed
374 2494 414 2541 ut
433 2503 489 2543 non
510 2503 599 2563 oeque
614 2482 788 2564 cogitatione
806 2483 955 2565 praecipit,
969 2483 1020 2542 ui·

136 2587 177 2647 hil
199 2585 274 2646 aliod
295 2583 347 2656 sit,
375 2584 444 2645 nisi:
477 2585 553 2651 (inid
575 2585 610 2646 de
631 2585 727 2664 Scylla
747 2592 895 2666 praeterea
915 2587 1020 2647 serino-

137 2706 202 2749 nem
223 2684 338 2758 laciam3
373 2688 446 2766 quod
468 2686 579 2767 illepide
600 2688 701 2747 dictum
724 2694 809 2752 esset.
851 2687 1020 2749 llalnienses

129 2776 236 2848 'omncs
262 2800 324 2848 aut
346 2787 420 2847 falso
450 2791 567 2864 habent,
600 2796 629 2850 ct
654 2790 691 2849 D
718 2792 802 2872 quid
826 2790 953 2870 loquor.
977 2821 1021 2836 -··

140 2893 273 2970 Scylla,
309 2891 388 2968 cujus
409 2887 513 2950 flnctus
531 2891 655 2970 pericula
679 2892 773 2950 nautis
794 2897 852 2948 tum
874 2910 949 2949 oram
971 2889 1020 2949 im·

140 2993 231 3073 perite
257 2990 418 3070 legentibus
444 2991 633 3063 minabantur,
667 3011 752 3070 rupes
778 2989 891 3050 infamis
924 2991 1022 3053 ltaliae

142 3093 178 3153 ad
199 3092 300 3152 suetum
322 3091 485 3164 Siciliense,
519 3085 633 3151 σκύλλα
655 3091 674 3150 i.
696 3108 721 3151 a.
743 3095 838 3152 careia
858 3113 957 3153 nomen
985 3095 1021 3155 al)

142 3194 224 3253 uadis
241 3193 349 3253 invenit
362 3193 543 3266 latrantibus,
561 3193 723 3272 quaeinter
741 3193 855 3254 dentata
872 3214 943 3255 saxa
958 3215 1021 3256 coe-

142 3315 194 3355 cae
207 3294 315 3375 scopuli
333 3295 437 3355 radicis
450 3295 624 3355 rotabuntur.
659 3295 711 3355 llis
725 3295 855 3358 nauticae
868 3294 981 3357 fabulae
993 3304 1023 3356 et

142 3403 240 3457 vetera
257 3397 286 3456 in
303 3397 406 3457 heroos
423 3417 536 3457 errores
554 3397 677 3458 carmina
691 3405 842 3458 monstrum
861 3398 1023 3476 superaddi·

143 3498 245 3559 derant
265 3498 411 3575 hormbile3
433 3501 555 3561 llomero
576 3499 685 3580 quidem
706 3507 822 3561 auctore
838 3497 938 3576 Odyss.
958 3499 1024 3572 Xll,
