2394 3980
179 269 224 330 28
424 257 577 318 ECLOGA
598 206 816 320 vam-42.

180 447 231 507 pro
252 433 395 504 ignotos,
417 427 583 506 exquisitius
605 426 716 497 dictum,
738 424 862 503 quadiu
884 423 996 504 Virgilii
1016 433 1064 484 est

179 531 251 588 Aen.
279 528 323 600 X,
355 536 434 600 706,
462 528 602 587 Heinsius
620 527 648 584 iu
677 527 748 585 lilrro
777 525 895 605 quodam
921 525 1062 602 lllcdiceo,

180 631 305 708 quamuis
327 623 389 688 non'
405 630 525 708 optimo,
554 629 633 688 etin
655 628 792 687 Vaticano
813 627 928 706 reperit.

263 736 410 794 ‘ll-³42.
455 730 587 810 Origines
615 749 706 788 rerum
733 731 912 787 humanarum
934 747 972 786 cx
994 727 1062 807 Epi·

179 832 240 892 curi
272 831 380 908 quidem
409 831 555 909 disciplina
581 831 695 890 Silenus
723 849 827 889 canera
852 849 909 888 non
938 836 1061 908 poterat,

179 933 309 1012 quoniam
330 935 404 991 huuc
426 932 513 1012 ipsum
536 933 673 1011 Epicurus
696 951 756 991 curu
773 931 901 989 omnibus
916 929 969 990 diis
987 950 1062 988 sour-

178 1035 226 1093 nia
247 1054 310 1093 esse
332 1033 474 1094 censebat.
518 1028 641 1093 Fabulae
663 1035 697 1092 de
710 1032 890 1092 Deucalionis
911 1031 1059 1110 lapidibus,

179 1136 296 1196 Saturni
322 1157 413 1217 regno
441 1143 470 1194 et
494 1135 572 1222 ¹furto
599 1135 774 1206 Promethei,
807 1141 839 1192 ut
860 1140 889 1192 et
910 1153 970 1192 cum
992 1123 1062 1192 autc

179 1235 262 1297 dictis
287 1237 382 1297 mundi
409 1236 497 1295 initiis
519 1243 548 1296 et
569 1237 643 1296 inter
664 1256 695 1295 uo
716 1244 782 1314 apte
802 1237 988 1306 cohaereant,
1022 1255 1061 1294 ex

178 1341 262 1398 rebus
288 1340 367 1400 varie
396 1345 425 1396 et
453 1338 563 1397 traditis
591 1345 620 1397 et
645 1337 794 1396 intellectis
821 1337 866 1396 hic
887 1337 957 1395 ordo
979 1336 1060 1416 cogi-
1184 1395 1185 1403 ,

177 1441 281 1498 tondus
307 1439 354 1497 sit.
397 1439 493 1497 Primo
519 1440 582 1498 loco
604 1458 704 1499 recena
724 1439 813 1500 creati
833 1439 966 1509 Kromo,
987 1437 1060 1508 sive,

178 1559 259 1619 quem
286 1539 405 1598 Romani
431 1541 575 1611 dicebant,
607 1542 756 1600 Saturno
778 1561 848 1621 rege
870 1539 989 1599 Titania
1010 1558 1061 1597 au·

177 1661 255 1701 raum
275 1641 416 1699 saeculum
436 1641 614 1700 innocentiae
637 1643 784 1722 degerunt,
806 1661 917 1720 semper
929 1643 1060 1722 juvenes,

177 1743 254 1802 nullo
281 1742 377 1800 labore
400 1749 429 1801 et
450 1744 562 1815 morbo,
590 1744 759 1822 sempiterno
780 1763 848 1805 vere
869 1750 899 1801 et
918 1742 1060 1802 fructura

177 1863 230 1904 aua
257 1852 357 1924 sponte
384 1846 557 1904 nascentium
585 1845 770 1916 abundantia,
802 1847 891 1903 donec
913 1851 977 1922 post
997 1844 1058 1902 lou·

176 1966 242 2028 gana
264 1947 426 2006 felicitatem
448 1933 527 2025 quasi
549 1948 633 2026 sopiti
655 1947 792 2006 obierunt.
835 1946 972 2005 Proximo
985 1947 1059 2015 loco,

176 2041 326 2119 Zadgsive
339 2049 449 2124 Jupiter
470 2067 553 2126 quum
563 2055 708 2127 regnaret,
730 2067 803 2126 gens
825 2054 888 2106 erat
909 2053 1057 2129 argentea,

172 2151 220 2230 Jus
249 2154 315 2228 post
341 2154 452 2207 centurn
478 2167 612 2208 annorum
635 2148 794 2226 pueritiam,
823 2167 888 2208 raro
910 2147 1060 2229 ajustitia

177 2250 308 2311 conventi
332 2251 451 2338 juvenes
477 2269 632 2309 moerorem
659 2251 713 2309 sibi
740 2257 770 2310 et
790 2250 962 2309 muctarem
984 2269 1058 2306 mor·

175 2358 231 2412 tem
253 2353 374 2412 stultitia
394 2349 446 2413 sua
467 2353 612 2432 parabant,
634 2354 697 2411 dum
719 2353 860 2412 nocebant
876 2352 949 2410 alter
965 2349 1057 2420 alteri,

176 2462 206 2514 et
233 2455 286 2513 diis
315 2456 437 2515 honores
466 2461 495 2513 et
521 2474 602 2514 sacra
630 2456 806 2514 recusabant.
849 2454 930 2512 Nunc
952 2451 1055 2512 sactum

175 2562 233 2625 ast,
255 2561 288 2612 ut
308 2555 432 2631 Jupiter,
455 2553 588 2612 efferatos
609 2573 691 2632 quum
713 2557 798 2615 vellet
819 2554 989 2614 necessitate
1010 2573 1057 2612 so·

173 2657 261 2714 lertes
290 2660 319 2711 et
339 2654 473 2726 honestos
495 2655 626 2725 reddere,
657 2657 809 2715 Saturniae
836 2654 979 2715 felicitati·
1008 2675 1056 2716 ue·
1160 2649 1164 2656 ’

173 2755 261 2836 stigia
293 2775 310 2814 a
337 2760 414 2813 terra
439 2753 547 2813 deleret
567 2756 718 2836 ignemque
744 2757 930 2817 absconderet
955 2757 1009 2816 Llr.
1032 2757 1055 2828 l,

174 2865 244 2920 131.
288 2858 346 2917 Sed
374 2855 488 2914 Titanis
516 2857 609 2937 Japeti
635 2859 711 2920 filius
737 2857 949 2941 Prometheus
977 2855 1060 2937 (pru-⁸

174 2962 274 3020 denter
299 2956 505 3040 prospiciens),
533 2959 594 3037 qui,
622 2982 678 3021 una
700 2981 760 3021 cum
781 2961 870 3021 fratre
891 2961 1056 3038 Epimetheo

174 3057 254 3140 (sero
281 3059 438 3141 sapiente),
466 3046 638 3122 hominess
665 3070 742 3122 terra
768 3070 929 3122 crescentes
949 3062 1057 3124 viribus

175 3161 343 3232 donaverat,
365 3162 462 3240 inepta
477 3163 673 3224 ,misericordia
694 3172 849 3244 correptus,
870 3163 984 3242 sapiens
1005 3163 1056 3220 Jo-

173 3264 216 3326 vis
238 3262 382 3322 consilium
404 3261 512 3320 irritum
534 3266 667 3339 reddidit3
699 3267 762 3324 dum
775 3267 812 3325 iu
834 3265 959 3346 fungosa
979 3263 1055 3324 feru·
1081 3337 1084 3344 Ι

113 3361 119 3372 ’
173 3368 220 3427 lde
241 3364 369 3434 medulla,
390 3356 511 3444 νάρθηξ
530 3366 569 3438 Χ,
592 3372 641 3428 25.
663 3368 773 3449 iguem,
788 3387 900 3448 unaque
913 3386 977 3425 cum
993 3367 1056 3447 igni

174 3466 244 3529 artis
271 3463 433 3537 scientiam,
460 3473 510 3523 aut
531 3487 547 3526 e
569 3468 684 3528 Vulcani
706 3479 790 3548 atque
812 3469 959 3530 Minervae
978 3487 1054 3528 cam·
