2394 3980
147 294 150 301 ,
185 265 233 332 μ
432 255 586 318 mucor
607 255 655 319 vr.
674 263 825 318 er-an.
894 245 896 252 '

188 426 225 486 eu
245 445 343 506 paee·
362 407 559 485 annuento
581 423 723 485 arcemn
742 421 901 509 noomv,
928 437 991 482 ean
1011 422 1073 484 mu

188 527 298 587 delituit
320 526 375 603 ΙΧ,
404 532 439 600 4,
468 546 573 585 memor
594 527 655 605 ejus
677 525 784 586 animm
805 523 943 604 loquitur:

254 625 365 691 villula,
393 641 460 693 quae
477 625 584 690 Syronis
602 641 673 690 eras,
696 629 722 676 et
739 639 837 692 pauper
852 623 951 688 agelte,

338 711 433 780 Verum
451 708 489 762 illi
506 709 610 761 domino
627 713 655 760 tu
673 724 776 776 quoque
793 705 911 760 divitiae:
956 697 974 774 J

253 794 298 848 Me
314 793 361 847 tibi
379 799 405 846 et
421 793 468 847 hos
481 810 536 846 nna
553 808 668 857 mecum,
687 808 751 860 quos
769 807 871 860 semper
887 790 982 857 amam,

336 877 364 929 Si
382 878 443 946 quid
460 879 492 930 de
508 877 592 945 patria
607 876 704 930 tristius
721 875 843 942 audiero,

252 961 423 1027 Commendo,
441 960 468 1014 in
484 961 750 1030 primisquepatrem.
785 961 827 1012 Tu
846 975 913 1014 nunc
930 957 980 1012 eris
997 958 1037 1013 illi

337 1047 444 1100 Mantua
461 1046 531 1113 quorl
547 1045 645 1110 suerat,
672 1045 792 1114 quodque
809 1045 938 1098 Cremona
955 1045 1036 1112 prius.

185 1133 229 1192 Ad
250 1153 276 1196 v.
298 1140 349 1196 74.
370 1134 538 1204 videbimus,
560 1133 670 1192 Gallum
690 1151 815 1210 quoquc,
838 1133 918 1212 cujus
939 1130 972 1190 srt
993 1151 1071 1193 mcu-

185 1233 241 1305 tio,
269 1255 285 1295 e
313 1237 458 1315 disciplina
478 1236 618 1314 Epicurea
638 1232 751 1294 fuisse..
777 1235 822 1292 Ex
844 1233 987 1311 Epicure·
1009 1234 1071 1313 opi·

184 1335 271 1396 nione
298 1335 398 1413 (Lucr.
427 1337 459 1409 V,
487 1342 558 1398 417.
581 1335 663 1393 ¹Plut.
689 1337 778 1411 plac.
807 1331 896 1394 Plrr’l.
923 1338 952 1405 Ι,
979 1344 1013 1405 3,
1036 1340 1069 1395 4.

184 1436 272 1515 Diog.
304 1434 433 1517 Lutra),
465 1456 546 1515 quam
567 1456 585 1494 a
607 1436 750 1516 Leucippo
773 1442 803 1496 ct
822 1435 984 1495 Democrito
1006 1434 1070 1498 fere

184 1536 312 1615 petebat,
334 1537 471 1616 principio
492 1535 629 1595 infinitum
651 1543 751 1596 inane
773 1542 850 1608 erat,
871 1537 900 1594 in
922 1557 978 1616 quo
996 1551 1068 1598 aro·

183 1641 245 1709 uri,
278 1637 339 1698 sive
369 1646 500 1708 aeterna,
530 1637 674 1697 individua
702 1644 733 1729 et
752 1657 825 1716 quae
846 1645 940 1697 mente
960 1646 1071 1700 tontum

183 1737 284 1797 sentiri
310 1745 429 1817 possent
448 1741 652 1816 prenarrata,
680 1739 760 1800 varia
787 1746 817 1799 ct
834 1727 935 1799 ’forma
962 1747 992 1799 et
1013 1761 1071 1802 me·

183 1839 333 1920 gnitudine
358 1848 389 1899 et
409 1841 548 1919 pondere,
570 1847 675 1900 temere
695 1841 770 1900 ultro
792 1841 918 1918 citroque
939 1838 1069 1902 fueban-

147 1946 238 2002 .'tur.
281 1941 371 2001 Multo
399 1941 503 2021 impetu
524 1939 617 2014 facto,
645 1941 674 2000 iu
695 1949 777 2004 vasto
799 1942 876 2002 inani
896 1941 941 2002 hic
962 1949 991 2001 et
1011 1942 1071 2004 iilic

181 2039 323 2101 deformes
343 2044 431 2102 moles
453 2017 642 2122 cogebantur,
670 2061 741 2120 quae
763 2062 846 2121 quum
867 2043 984 2102 seorsim
1005 2049 1083 2104 ver·¹

130 2155 136 2176 ⁸
182 2144 333 2214 sanentur(
361 2142 577 2202 innumerabiles
597 2144 714 2202 mundos
735 2143 954 2205 constituebant.
992 2146 1070 2204 Nam

183 2261 267 2322 quum
288 2244 317 2302 iu
339 2244 501 2304 turbulenta
522 2245 708 2306 concursione
730 2244 943 2325 primordiorum
965 2245 1068 2306 mosim

181 2346 341 2426 sensimque
368 2346 448 2426 paria
475 2367 536 2407 cum
558 2347 672 2427 paribus
693 2347 943 2421 cohaerescerent3
971 2367 1069 2408 secer·

181 2445 322 2506 nebantur
349 2449 436 2509 variis
463 2457 494 2508 et
522 2447 621 2508 formis
643 2458 674 2508 ct
693 2449 822 2522 sedibus,
852 2450 987 2531 graviora
1007 2450 1068 2528 qui·

181 2547 242 2605 dem
273 2549 419 2619 deorsum,
455 2568 565 2608 sursum
586 2551 648 2608 lata*
666 2550 790 2612 leviora:
824 2550 880 2628 ita,
913 2559 945 2610 ut
966 2571 1004 2610 ex
1024 2549 1068 2610 hia

179 2645 281 2704 atomis
314 2666 370 2704 non
398 2647 482 2707 aliter
507 2639 542 2708 a'o
559 2652 761 2725 „seminicem
800 2653 936 2732 principia
963 2672 1067 2726 rerum,

178 2757 289 2820 terra,
325 2766 432 2827 apua,
469 2756 531 2808 ae'r
564 2757 593 2808 et
620 2748 711 2830 ignis
737 2755 888 2814 aethereus
913 2755 1066 2814 orirentur.

178 2847 248 2908 Nam
274 2851 345 2914 haee
367 2869 477 2930 quoque
498 2871 633 2932 corpora,
669 2873 741 2933 quae
762 2855 797 2915 ab
819 2857 988 2936 Empedocic
1009 2856 1068 2917 ele·

179 2959 274 3012 menta
301 2972 365 3012 cese
392 2953 523 3014 dicuntur
550 2955 637 3014 Lucr.
665 2955 693 3026 Ι,
722 2965 915 3030 713-717,
946 2978 984 3018 cx
1005 2957 1068 3037 pri-

170 3053 292 3110 mordiis
324 3053 411 3127 fiunt,
445 3075 517 3134 quoe
550 3057 613 3135 ipsa
640 3058 824 3137 Empedocles
852 3061 929 3121 Plut.
956 3063 984 3132 Ι,
1016 3070 1066 3122 13.

178 3161 319 3235 cognatas
341 3163 370 3214 et
391 3159 526 3216 rotundas
548 3159 709 3237 particulas,
731 3160 892 3240 Leucippus
914 3169 943 3223 et
961 3163 1066 3223 Demo-

176 3255 263 3314 critus
284 3253 371 3316 Arist.
392 3261 474 3317 cael.
496 3258 550 3330 ΙΙΙ,
579 3269 608 3322 2.
624 3257 663 3322 aui
674 3263 781 3343 πρώτα
792 3255 933 3340 σώματα,
951 3269 1066 3342 prisea

176 3376 333 3432 corpora,
356 3357 495 3436 Epicurus
520 3368 613 3422 autem
634 3369 759 3435 ammos,
782 3369 811 3422 ct
831 3364 918 3424 Lucr.
941 3364 968 3436 Ι,
992 3371 1064 3428 502.

176 3461 304 3518 canina
330 3479 441 3519 reram
471 3469 501 3520 et
524 3467 730 3540 primordia,
753 3466 891 3546 principia
910 3467 1064 3549 originum,
