2424 3994
387 291 540 357 ucuonn
562 301 583 359 1.
608 311 752 370 nr—ao.
972 339 1013 400 ¹9

113 469 190 507 euno
213 469 301 531 agere
323 455 400 515 solltl
421 469 497 521 suut.
540 467 599 528 Ant
619 470 787 554 levigelrent
816 471 928 548 barbam
949 512 1007 554 ra·

114 549 220 608 (lende
241 558 418 630 novumn,
441 569 682 632 eotmnrlebeur
692 577 831 654 fhrcipe
853 580 1007 674 (volsella),

113 669 187 726 quae
209 652 360 726 radicitus,
390 665 463 720 teste
485 663 618 740 Sidonio,
636 674 732 753 pilum
755 681 882 744 tolleretr
915 707 1009 767 quent·

111 749 260 810 admodum
289 753 469 820 etiamnunc
495 761 569 825 iuter
590 769 715 834 Judneet
741 779 806 840 velli
828 783 915 846 barbe
941 809 1008 850 oon·

111 850 213 910 suevit.
257 853 383 934 Utraque
410 864 583 942 supellectile
610 883 705 934 cerem
723 857 880 956 declielao,
911 887 1007 951 Mace·

110 949 215 1010 donico
239 974 323 1035 rege,
344 957 451 1038 loquax
472 972 572 1029 tonsor
593 990 700 1054 rogans
712 979 834 1055 aderat,
864 1005 920 1066 qua
940 997 1005 1050 ton-

109 1049 171 1110 deri
192 1052 296 1114 velletl
339 1058 493 1135 Taeeude,
525 1063 616 1145 inquit
637 1091 699 1132 rex.
742 1079 890 1145 Habebunt
911 1097 1004 1150 autem

107 1150 171 1210 fere
200 1153 356 1235 locupletes
387 1157 461 1222 huic·
484 1167 564 1246 operi
584 1178 645 1229 ¹aut
671 1173 802 1257 singulos
829 1201 927 1244 seruos
952 1199 1004 1248 aut

107 1251 217 1330 puellas
239 1249 405 1320 destinates·
448 1263 550 1328 Verum
572 1287 634 1330 cum
656 1273 704 1334 alii
725 1284 786 1337 tum
806 1280 933 1344 homines
954 1307 1008 1348 rum

107 1353 177 1412 stici
195 1355 269 1427 llll,
292 1365 343 1420 ³4.
370 1381 426 1422 non
454 1371 511 1424 tam
537 1371 638 1432 redere
666 1374 793 1450 barbam,
830 1401 911 1460 quom
938 1388 1001 1468 plus

107 1453 318 1524 minusveeem
345 1481 512 1540 praesecare
533 1471 678 1532 solebant:
711 1497 797 1556 quare
819 1481 919 1544 Rullus
950 1490 999 1548 tri-

105 1554 212 1626 bunus,
246 1558 376 1623 Ciceroni
403 1564 573 1642 adversatus
601 1581 630 1633 et
657 1576 831 1640 humiliorum
858 1582 998 1648 hominum

103 1656 238 1718 vestitum
261 1658 427 1723 blandiendo
439 1665 572 1741 imitatus,
594 1675 753 1752 capillatior
774 1679 922 1744 incedebat
935 1685 998 1746 bur·
1043 1763 1046 1770 .

104 1754 195 1834 leque
216 1758 322 1839 majore
338 1763 404 1824 Cic.
427 1786 455 1826 e.
473 1767 573 1831 Rell.
596 1774 632 1844 ll,
656 1779 684 1836 t.
728 1779 812 1844 Quod
833 1786 921 1864 majus
943 1795 996 1859 est,

101 1841 216 1918 Seneca
238 1857 302 1938 (ep.
320 1863 395 1946 114)
417 1870 598 1946 reprehendit
618 1873 743 1936 homines
765 1880 874 1960 aliquos
896 1885 998 1946 delina-

102 1963 166 2029 tos,
188 1959 236 2037 qui
257 1961 367 2041 inepte,
390 1972 422 2024 ut
443 1969 683 2049 conspicerentur,
706 1983 756 2034 aut
777 1981 912 2042 vellerent
933 1983 996 2044 liar·
1027 2057 1031 2062 ³

101 2057 178 2130 bem,
201 2069 251 2119 out
272 2061 498 2128 intervellereut:
530 2071 577 2150 qui
599 2072 679 2134 labra
692 2079 824 2155 'pressius
847 2083 997 2144 tonderent

99 2159 320 2234 etnbradereut,
343 2177 459 2226 servata
472 2177 502 2228 et
522 2173 661 2234 submisso
682 2184 796 2238 coetera
806 2191 898 2262 perte.
936 2185 995 2244 Hu-

98 2259 171 2317 milis
199 2281 327 2338 qnoque,
360 2265 408 2340 qui
434 2266 479 2324 vel
505 2269 534 2326 in
562 2270 671 2330 honore
699 2282 760 2334 erat
787 2277 862 2336 inter
889 2283 993 2360 primos

99 2361 289 2428 Christianos,
312 2360 421 2418 enimus
431 2363 620 2423 calceamento
644 2371 718 2428 nullo
731 2375 782 2450 Ep.
796 2376 884 2453 Myro.
898 2381 920 2451 l,
935 2389 994 2454 21„

4 2451 5 2454 ’
96 2459 187 2518 barbo
210 2457 344 2536 neglecta
367 2443 529 2522 tenuitatem
542 2465 616 2526 vitoe
637 2468 768 2532 simulare
789 2477 886 2538 voluit.
931 2478 994 2542 Cle-

97 2577 177 2617 mens
201 2557 310 2635 quidem
332 2560 541 2624 Alexandrinus
564 2569 665 2630 Pned.
686 2582 715 2632 3.
737 2575 795 2634 suis
817 2587 991 2652 auctorest,

98 2667 142 2729 ut,
165 2658 279 2718 leonum
301 2663 457 2742 exemplum
480 2672 600 2746 sequuti,
623 2693 692 2732 uere
713 2673 882 2756 integroque
906 2680 992 2740 barba
1027 2690 1034 2700 '

98 2778 205 2838 graves
227 2761 380 2837 prodeant,
409 2784 491 2841 quam
513 2789 548 2827 ne
571 2773 708 2832 novacula
729 2777 845 2847 rodant,
873 2779 993 2861 diligen·

98 2864 142 2918 ter
166 2861 323 2920 cavendum
346 2882 419 2934 esse,
442 2866 505 2944 pilis
522 2876 629 2928 tantum
652 2871 760 2951 forcipe
779 2877 923 2952 praecisis,
946 2881 993 2958 qui

96 2975 183 3036 supro
205 2955 286 3020 labro
316 2962 513 3041 impedimento
543 2969 615 3040 sint,
634 2975 875 3049 'quemadmodum
902 2979 992 3040 mollis

96 3059 144 3117 illc
166 3061 242 3137 apud
264 3062 403 3121 Senecam
430 3064 600 3128 institueret.
644 3072 689 3130 lta
718 3075 815 3140 eodem
836 3079 918 3138 modo
946 3100 992 3140 re·

96 3178 157 3217 sum
180 3166 238 3220 tum
261 3163 396 3240 temporis
419 3173 539 3224 mentum
568 3170 741 3249 disciplinam
763 3183 886 3236 nostram
907 3178 991 3238 dede·
1075 3169 1081 3173 ’

96 3259 195 3329 nebat,
226 3280 282 3338 quo
305 3270 371 3321 ante
394 3265 445 3322 lros
474 3273 584 3326 centum
606 3288 696 3328 annos
721 3275 886 3336 adventiciis
908 3279 991 3338 erini-

98 3358 151 3414 lrus
174 3367 260 3438 ceput
287 3370 457 3442 praetexere
485 3368 591 3428 nostris
618 3371 646 3428 in
675 3373 844 3454 religionem
866 3385 991 3446 venerat,

97 3464 147 3514 aut
175 3477 249 3518 nunc
276 3461 389 3520 innatos
420 3485 487 3524 snos
515 3470 596 3530 nodis
625 3471 810 3614 restrinpzepe.
854 3476 913 3537 Sub
941 3477 992 3533 hae
