2414 3978
364 255 518 316 nonest
539 257 578 327 x,
599 215 734 319 ai--au
921 268 988 330 ata

101 441 160 500 nes¹
173 421 208 485 ab
235 420 337 482 officiis
363 423 436 502 petit
461 423 505 484 sni
532 423 670 497 muneris,
703 443 788 504 quum
812 426 902 505 pastis
928 447 987 490 nnn

101 529 209 584 tantum
230 524 385 603 quibusque
405 523 585 598 animalibus,
613 527 665 586 scd
692 526 776 586 etiam
797 525 868 588 laris
888 527 988 610 lucetiis¹

101 633 131 684 et
160 627 283 706 piscibus
314 624 473 684 litoralibus
498 633 659 706 praeesset,
692 627 788 708 itaque
814 627 877 688 sine
902 628 987 690 dubio

100 747 157 786 non
173 729 273 802 miuus,
295 745 377 806 qnam
386 725 517 805 Priapus,
540 728 609 788 deus
621 749 755 810 agrorum
765 729 987 809 Lampsacenus,

100 849 149 908 pro
172 829 292 904 apibus
314 848 426 906 quoquc
448 828 595 910 agricolae
617 849 713 890 curam
733 838 860 912 gereret.
883 831 987 898 Quam-

100 931 196 992 obrem
227 931 256 990 in
283 928 459 1010 Anthologia
489 923 669 1006 μελισσόος,
704 945 846 992 notam·
874 951 984 1008 apum,

12 1097 13 1114 ,
98 1031 290 1112 praedicatur,
312 1037 342 1092 et
362 1031 436 1110 apud
458 1030 644 1093 Theocritum
665 1035 693 1092 ci
715 1035 747 1108 V,
771 1039 812 1094 58
834 1054 890 1092 non
912 1035 987 1094 lacta

12 1117 13 1128 ³
99 1140 218 1205 mutum,
239 1135 290 1194 sed
312 1133 398 1195 etiam
418 1133 500 1191 mella
521 1131 633 1192 litatur:
935 1118 936 1124 ἵ

201 1249 268 1301 Octo
284 1247 367 1301 seram
382 1247 457 1302 lactis
472 1245 540 1302 Pani
555 1247 801 1316 mulctralia‘plena,

199 1334 286 1402 Atque
302 1331 376 1388 faros
393 1331 499 1386 calathis
517 1332 619 1386 octoms
634 1335 716 1386 melle
729 1336 851 1402 repletos.

101 1439 210 1518 (lyrici
232 1437 369 1498 culturam
390 1439 413 1510 l,
434 1443 485 1511 78,
507 1455 619 1517 quoqne
640 1459 740 1516 apum
761 1439 790 1498 in
811 1457 906 1511 usum,
930 1442 987 1500 co·

97 1541 219 1611 lumclla,
241 1539 423 1599 Florentinus
444 1540 650 1614 commendant,
672 1539 986 1618 etquistandemnonl

97 1634 182 1722 Apes,
204 1638 315 1700 Plinius
335 1640 435 1724 ipqnit,
458 1649 574 1702 auctore
594 1641 758 1702 Democrito
779 1648 810 1702 at
830 1642 986 1718 Aristoma·

97 1747 160 1818 cho,
184 1761 320 1822 nusquam
341 1742 470 1814 deerunt,
491 1741 540 1802 uhi
561 1743 645 1822 cytisi
666 1741 722 1801 erit
740 1741 880 1821 pabulum.
907 1745 985 1806 Seri-

97 1852 153 1921 tur,
176 1843 251 1924 qnod
271 1841 455 1903 Dioscorides
476 1841 606 1913 tradidit,
628 1842 733 1900 circum
754 1843 879 1905 alvearia
885 1885 894 1916 ,
916 1863 985 1924 quo-

95 1948 172 2010 niam
194 1963 263 2025 aper
284 1941 380 2002 allicit.
411 1941 593 2000 Florentinus
614 1941 734 2002 addidit:
758 1930 889 2020 quoniam
911 1964 986 2014 nora

55 2092 59 2101 .
96 2047 228 2110 examina
253 2044 383 2105 lubenter
408 2042 439 2102 in
465 2063 501 2104 ao
529 2042 670 2117 reddunt,
707 2041 829 2124 indeque
854 2043 884 2104 in
910 2063 988 2108 nass

95 2171 166 2214 rasa
187 2145 409 2230 commodissime
431 2146 619 2206 attrahuntur.

224 2254 369 2310 at-at.
413 2246 511 2306 Gallus
537 2246 652 2319 alliis,
682 2246 919 2329 castigatoribus,
947 2249 985 2310 ad
1076 2251 1080 2258 ’

94 2349 315 2414 misericordiam
341 2354 486 2429 pastorum
512 2367 679 2410 conversus:
713 2349 792 2430 Age,
818 2367 914 2410 vuum
935 2347 983 2420 sit,

93 2457 201 2535 inquit,
227 2457 261 2510 ut
280 2451 367 2511 Amor
392 2449 541 2528 lachrymis
566 2469 624 2510 non
645 2449 788 2523 mitescat3
815 2456 908 2510 tamen
929 2467 982 2511 vos

95 2554 219 2640 (utinam
244 2549 373 2632 urium)
405 2552 441 2612 da
466 2570 511 2612 me
537 2571 640 2612 canera
665 2551 811 2633 poteritis,
845 2551 980 2636 Armua,

94 2658 222 2719 dolorem
247 2673 337 2714 meum
359 2653 497 2734 quomodo
518 2653 634 2714 alueum
655 2660 685 2713 et
704 2661 831 2714 mortuns
851 2654 916 2716 sim!
937 2685 981 2700 -

92 2759 165 2820 Pari
186 2755 355 2828 constantia,
377 2774 409 2816 sa
430 2754 524 2816 animo
545 2755 774 2818 suodevorendi
795 2763 900 2828 cartus,
921 2755 979 2816 Da·

19 2875 30 2905 ⁴
92 2861 176 2942 phnis
202 2857 354 2918 Theocriti
385 2877 478 2936 neque
503 2857 646 2918 Mercurio
672 2864 703 2923 et
732 2857 891 2936 pastoribus
916 2876 981 2934 per·

93 2959 301 3030 cunctantibus,
322 2977 413 3037 nequa
433 2957 591 3020 cavillatori
599 2957 705 3037 Priapo
725 2956 829 3035 aliquid
849 2956 980 3035 responsi

92 3065 152 3136 dat,
175 3064 266 3123 donec
287 3059 407 3120 Veneris
429 3058 456 3118 ai
476 3057 570 3118 irrisio
591 3058 673 3119 bilem
694 3063 802 3131 movet3
824 3057 847 3131 l,
869 3065 924 3122 92:

159 3177 257 3245 N'dqns
273 3175 398 3228 bubulcus
415 3175 453 3227 eis
469 3174 638 3242 respondens,
655 3189 747 3243 passus
762 3189 877 3228 amcmm

78 3256 81 3268 “
160 3261 245 3328 Ipsius
261 3266 302 3316 cst
317 3275 414 3326 amem,
431 3261 527 3312 Parcas
543 3266 666 3327 passurus
682 3265 709 3312 et
724 3259 790 3328 ipse.

91 3366 138 3426 lla
169 3357 302 3440 cunundi
335 3364 439 3446 peritia
463 3363 603 3426 Arcadum
632 3364 668 3424 ad
694 3363 761 3459 Vll,
793 3369 813 3426 4
846 3361 976 3426 diximus.
1058 3363 1059 3370 ’

91 3465 404 3543 Mouubssoeerrse,
426 3466 507 3547 quasi
515 3466 747 3540 auscultantibus,
762 3465 975 3528 resonantibus:
