2424 3994
400 217 553 280 ECLOGA
576 220 596 278 l.
621 227 766 286 eti—ao.
988 239 1030 300 ll

83 371 92 380 ¹
138 391 202 460 sint,
225 396 318 450 tamen
340 395 372 448 ut
393 390 469 450 ultae
482 390 607 468 cupressi
630 391 716 452 robur
737 392 814 453 lento
835 378 964 466 alburno,
987 399 1028 457 ita

137 492 228 550 Roum
250 490 370 552 caeteris
401 491 515 550 urbibus
536 511 634 569 parum
654 498 732 553 recte
754 493 915 567 confertur,
948 504 1028 559 tanta
1140 487 1147 495 ⁵

137 611 171 650 ac
184 591 249 650 talis
265 598 317 650 est.
362 591 537 652 maumam
548 588 773 672 (Scblingbaum,
796 595 1027 678 Wegescblinge,

135 691 247 750 kleiner
267 691 440 762 llleblhnum,
463 690 631 766 Faulbaum,
663 693 691 752 la
711 692 822 774 uiorne)
853 695 1028 761 aetermam

136 791 355 850 Lantondb·
376 791 473 850 frutex
495 793 569 850 inter
590 791 673 871 sepes
695 801 724 852 ct
744 787 942 873 propter-vias
963 819 1027 878 pro-
1142 843 1146 846 -

136 893 268 962 veniens,
305 911 356 950 sex
379 893 416 951 ad
444 891 589 952 duodecim
611 894 698 971 pedes
724 894 871 962 altitudine
891 917 1026 976 aequans,

137 995 216 1072 cujus
237 991 322 1050 lentis
333 993 418 1050 ramis
440 993 475 1050 ad
497 1001 637 1052 sarmenta
652 994 813 1074 colliganda
833 997 933 1058 rustici
945 1007 1027 1060 abin.

137 1101 197 1164 tur3
229 1092 306 1151 loliis
328 1091 530 1163 subviridibus,
552 1091 661 1152 ulmeae
683 1091 792 1153 frondis
812 1095 888 1154 houd
909 1098 1027 1159 dissimi-

4 1211 5 1216 “
136 1193 224 1263 libus,
257 1191 308 1250 sed
329 1191 542 1272 angustioribus
563 1212 614 1262 ea,
648 1199 677 1252 et
698 1192 806 1277 strictis
834 1194 965 1256 incisuris
986 1199 1027 1258 di-

4 1229 8 1422 Ι
138 1293 261 1352 stinctis:
285 1294 393 1372 cujuse
414 1290 524 1371 pallidis
544 1289 675 1363 floribus,-
692 1293 740 1371 qui
762 1287 938 1360 eursucuriis
953 1293 1026 1376 (um.

4 1425 7 1482 p
138 1391 232 1472 bellis)
255 1393 414 1472 dependent
440 1385 543 1452 baccae
570 1391 660 1454 flavae
681 1393 765 1464 liunt,
798 1411 872 1472 quae
892 1417 958 1456 mox
980 1419 1027 1458 ru-

137 1497 271 1565 bescunt,
285 1554 287 1558 ,
302 1502 471 1572 postremum
493 1492 667 1574 nigrescunt.
712 1495 897 1570 cupressus
919 1517 1028 1578 semper

4 1489 10 1728 i
133 1597 234 1658 uirens
259 1594 314 1654 Lb.
337 1595 371 1654 ll.
400 1601 455 1664 84,
483 1598 560 1664 443,
587 1594 671 1652 arbor
696 1593 841 1655 silvestris
858 1597 1027 1658 meridianae

4 1747 6 1770 ,
115 1698 242 1782 'plogoe
268 1694 470 1756 inultissimus
497 1699 585 1754 motas
606 1688 757 1773 fastigata,
790 1715 862 1774 quae
884 1698 1029 1758 materiam

4 1777 7 1896 i
137 1797 255 1876 praebet
275 1795 469 1856 firmissimam.
636 1859 638 1864 s

224 1903 273 1958 26.
316 1895 429 1976 Virgilii
450 1893 598 1965 fautorem,
620 1895 747 1954 Asinium
760 1895 925 1967 Pollionem,
948 1898 1029 1957 deum

138 1995 302 2058 Meliboeus
315 2004 416 2079 putore
436 1993 598 2065 videbatui,
628 1994 674 2072 qui
691 1981 751 2074 jem
773 2015 853 2075 opem
875 1995 951 2056 ferre
969 2017 1028 2057 ‘non

138 2099 383 2182 posset'omplius.
426 2093 480 2166 lta,
501 2116 574 2175 quae
596 2096 631 2154 de
653 2097 743 2154 Roma
764 2101 931 2169 narrantur,
953 2088 1028 2156 com.

138 2205 251 2260 movent
276 2197 409 2256 Meliboei
436 2196 638 2272 suspicionem,
671 2215 707 2252 ne
734 2194 809 2264 forte
834 2197 895 2274 ipsc
922 2197 1029 2256 Cacsar

139 2300 312 2361 Octauianus
339 2293 541 2370 intelligendus
563 2293 610 2349 sit.
652 2293 702 2349 Er
721 2313 808 2370 quac
835 2295 948 2371 scripsit
968 2296 1030 2354 Vir-

137 2399 241 2479 gilius3
273 2409 398 2470 ecquae
419 2409 525 2448 caecet
546 2394 624 2448 esset
644 2409 721 2448 mam
741 2393 878 2469 aliqua:
901 2395 1030 2469 quemad·

138 2497 254 2556 modum
279 2492 353 2572 apud
373 2491 504 2550 Plautum
526 2490 615 2548 Stich.
637 2490 659 2548 l.
684 2498 717 2560 1,
741 2499 780 2554 32
807 2493 891 2570 quid
909 2505 1027 2570 agant,

138 2597 264 2677 ecquid
286 2603 404 2672 agaret,
429 2593 514 2671 quid
533 2595 581 2651 eia
601 2592 691 2671 quod
709 2602 827 2681 agunt,
850 2613 927 2652 uum
949 2595 1033 2672 quid
1092 2675 1094 2680 Ι

139 2708 257 2777 agant.

227 2806 309 2859 27-
321 2800 371 2858 35.
414 2794 532 2854 Turbae
553 2790 685 2870 quamde
706 2788 785 2872 agris
801 2788 958 2852 dividundis
975 2791 1030 2852 eie·

141 2907 254 2970 rentur,
276 2897 426 2976 praedium¹
440 2903 585 2973 paternum
601 2899 634 2950 ut
654 2898 781 2952 servaret
802 2892 952 2970 Virgilius,
974 2913 1031 2952 una

143 3020 204 3058 cum
218 2998 277 3056 suis
292 2999 409 3054 Romam
430 2995 548 3064 adimat,
570 2993 611 3052 itu
632 2991 770 3070 principio
791 2991 927 3064 auni,'ut,
950 3011 1033 3071 quum

144 3097 242 3179 fruges
264 3101 485 3156 maturescerent
504 3115 532 3153 u.
556 3099 606 3162 37,
629 3091 774 3169 pecuniam
793 3091 972 3170 Amaryllidis
991 3092 1032 3151 di-

143 3199 262 3279 ligentia
284 3195 449 3275 collegisset
470 3193 605 3268 Tityrus,
634 3211 689 3268 qua
708 3212 724 3249 e
746 3193 881 3251 servitute
903 3211 967 3251 sese
988 3213 1032 3251 re-

146 3298 271 3358 dimeret.
320 3298 418 3373 ltaque
445 3293 563 3350 Romam
596 3309 714 3368 propere
742 3290 830 3361 odiit,
863 3298 895 3349 ut
914 3311 939 3373 ‚o
965 3311 1034 3376 sene

148 3398 275 3468 Marone,
297 3395 409 3476 Virgilii
431 3400 522 3472 patre,
546 3390 681 3452 uindicias
702 3391 864 3468 impetraret
886 3390 1035 3448 secundum

816 3473 836 3534 2
957 3541 961 3546 .
