2446 3972
388 256 543 317 nonnas
563 259 627 332 vu,
652 267 787 322 ιιι-ιι.
994 273 1035 334 ar
1095 236 1103 256 ’

142 422 297 482 exordiens
324 424 465 503 quomodo
487 426 600 484 tandem
622 425 647 485 is
668 427 799 488 desinctl
841 429 1038 494 nascentem

23 601 25 610 ‚
105 567 108 570 .
141 520 261 583 Servius
283 525 371 584 habet
389 532 419 584 et
440 525 628 605 antiquissimi
650 528 753 607 quique
774 529 838 588 libri
860 532 977 610 scripti,
999 536 1035 593 ad

138 641 211 701 quos
239 625 323 685 Hafa.
352 625 385 686 A
411 627 537 702 accedit3
574 642 787 704 crescentem,
827 631 902 709 quod
930 633 1035 692 lentius

139 723 261 800 dicatur,
284 727 563 806 interpretamentum
586 739 641 790 est.
685 732 742 812 lpsi
758 732 862 804 Codro,
885 725 1035 812 quipaeuc

137 825 281 905 Apollinis
303 828 394 887 instar
414 830 508 903 canit,
531 837 599 910 ptae
622 836 766 906 invidia,
795 853 878 912 quum
901 854 919 894 a
941 835 1049 894 tirone·

136 945 169 986 se
191 927 296 988 victum
318 929 434 1001 videbit,
456 933 523 990 ilia
544 946 750 1010 rumpentur.
793 935 952 994 Humillima
969 955 1034 994 sea·

136 1047 216 1109 sum,
247 1030 336 1109 ipsius
366 1051 403 1090 ex
425 1034 519 1090 animo
540 1033 569 1092 in
592 1035 731 1094 hominem
753 1034 832 1117 frugi
854 1036 1033 1109 translatam,

135 1149 223 1210 qaam
255 1151 352 1192 crassa
381 1132 495 1192 dicitur!
541 1135 604 1192 Noa
627 1142 735 1194 uratum
757 1136 801 1194 sui
819 1137 955 1216 jactatio,
982 1139 1034 1196 sod
1091 1145 1094 1149 ’

135 1231 289 1292 immodica
310 1252 422 1311 quoquc
444 1254 482 1293 ex
504 1235 568 1294 aliis
589 1236 725 1309 laudatio,
744 1231 846 1296 'oculus
868 1256 954 1317 sacpc
976 1259 1034 1296 ma·
1076 1235 1079 1240 ’

135 1331 237 1414 lignus
265 1337 322 1408 ΙΙΙ,
364 1345 421 1397 103
451 1336 586 1396 ultionem
609 1339 803 1398 commovebat
824 1340 958 1399 malorum
981 1359 1035 1420 ge-

113 1435 260 1522 niorum.
303 1437 414 1503 annosi
447 1440 602 1499 malevolus
635 1437 739 1498 fortius
766 1441 915 1514 laudabat,
950 1459 1034 1520 quana

136 1539 333 1598 concordante
354 1547 485 1618 pectora,
516 1540 626 1613 idest,
653 1543 749 1601 ultra
767 1544 951 1622 placitam
981 1561 1033 1600 no·

133 1639 238 1707 ‚cebatz
270 1641 372 1712 laude,
403 1639 477 1701 deut
498 1636 643 1703 nostrates
665 1663 777 1723 quoquc
799 1629 962 1719 autumant,
991 1641 1034 1702 cl·

135 1737 348 1812 fascinaverat,
378 1742 568 1802 interemerat.
617 1744 710 1803 'l'ales
740 1743 945 1805 fuscinulidaes
973 1743 1034 1802 ior·
1107 1775 1109 1780 ·

135 1843 217 1901 arula
258 1843 439 1921 depellebant
473 1844 697 1920 praefiscine!
740 1845 854 1904 Ncmesi
890 1845 1033 1916 invocata,

134 1941 223 2022 qnasi
258 1941 429 2002 insolentiae
459 1943 584 2015 vindice,
620 1949 711 2004 semet
743 1944 822 2023 ipsos
851 1945 1034 2022 conspuendo

133 2043 260 2122 aliisque
291 2043 522 2126 indignitatibus,
554 2044 615 2125 'quo
643 2045 768 2106 subsidio
795 2046 871 2125 apud
892 2045 1034 2104 Tlcocri-

134 2151 197 2204 tum
220 2144 277 2218 Vl,
309 2154 350 2209 39
373 2147 417 2209 vel
434 2148 550 2228 juvenis
570 2149 696 2228 Cyclops
718 2150 892 2228 voluptatem
914 2167 952 2207 ex
975 2146 1035 2206 for·

134 2268 184 2306 ιιιιι
218 2247 248 2306 ia
281 2248 351 2307 mari
379 2257 533 2326 conspecta
560 2248 705 2307 innoxiam
734 2248 886 2318 reddebat,
919 2249 1033 2306 aancxo

126 2351 291 2423 sarcina,
315 2367 397 2425 quem
418 2349 510 2426 pudor
531 2355 608 2406 esset
629 2349 792 2426 adspicere,
816 2347 935 2424 aliisque
957 2367 1035 2407 oma-

99 2495 101 2499 ,
132 2449 216 2518 letis,
238 2447 333 2506 herbis
354 2468 465 2527 quoque
486 2449 690 2530 circumligatis
711 2448 974 2521 averruncaatibns,
997 2467 1034 2507 ex

111 2549 244 2630 ,quibus
265 2548 388 2608 baccar
409 2558 471 2609 erat
491 2551 539 2623 ll',
565 2557 614 2612 19.
657 2551 782 2630 Tlryrsis
803 2569 946 2631 arrogans
967 2549 1033 2609 nihil

135 2648 260 2711 minoris
292 2659 454 2732 exspectat,
489 2671 570 2732 quam
602 2659 633 2712 ut
664 2653 806 2726 Arcades,
838 2651 1033 2735 intelligentes

136 2752 312 2824 carminum,
340 2773 392 2814 sua
406 2755 516 2833 ¹sponte
529 2755 592 2836 jam
616 2775 706 2828 nunc,
729 2755 960 2836 quemadmodum
981 2771 1035 2811 nn·

135 2853 199 2914 trix
221 2873 302 2913 suum
325 2854 475 2928 infantem,
507 2858 548 2916 ita
565 2866 698 2932 poe‘tam
719 2877 815 2928 suum,
837 2875 900 2915 eum
922 2835 1037 2914 ιιιιιιιίιιεΙ

137 2955 374 3034 comparandum,
412 2957 460 3035 qui
496 2969 590 3016 uates
623 2958 726 3036 aliquis
756 2955 874 3018 illustris
901 2954 959 3025 ΙΧ,
983 2960 1033 3026 34,

139 3057 272 3136 llrplreus
294 3057 339 3119 uel
362 3056 462 3129 Linus,
483 3059 529 3118 rel
550 3058 699 3136 Amphion,
720 3055 784 3116 fieri
806 3055 964 3118 destinatus
985 3055 1032 3128 sit,

138 3179 159 3216 ιι
182 3157 371 3219 fascinatione
393 3164 536 3219 tucantur.

228 3267 378 3323 29-32.
424 3260 535 3320 Dianae
556 3265 676 3322 venator
692 3255 807 3340 juvenis
828 3257 966 3339 primitias
987 3257 1033 3338 pis

138 3359 269 3435 dedicat,
297 3370 472 3442 capturaque
498 3364 618 3421 durante
644 3361 756 3442 signam
778 3379 962 3421 marmoreum
983 3379 1034 3422 vo·

140 3469 198 3523 ret.
222 3493 263 3510 --
285 3463 342 3528 Qui
364 3471 450 3524 canta
471 3469 593 3535 certant,
615 3462 691 3542 qood
712 3462 749 3522 sd
770 3461 1034 3604 lenioneeclogan
