<?xml version="1.0" encoding="UTF-8"?>
<!DOCTYPE html PUBLIC "-//W3C//DTD XHTML 1.0 Transitional//EN"
    "http://www.w3.org/TR/xhtml1/DTD/xhtml1-transitional.dtd">
<html xmlns="http://www.w3.org/1999/xhtml" xml:lang="en" lang="en">
 <head>
  <title>
</title>
<meta http-equiv="Content-Type" content="text/html;charset=utf-8" />
  <meta name='ocr-system' content='tesseract 3.04.00' />
  <meta name='ocr-capabilities' content='ocr_page ocr_carea ocr_par ocr_line ocrx_word'/>
</head>
<body>
  <div class='ocr_page' id='page_1' title='image "./johannishenrici00reingoog/johannishenrici00reingoog_0473.png"; bbox 0 0 2414 3978; ppageno 0'>
   <div class='ocr_carea' id='block_1_1' title="bbox 291 248 1158 360">
    <p class='ocr_par' dir='ltr' id='par_1_1' title="bbox 291 248 1158 360">
     <span class='ocr_line' id='line_1_1' title="bbox 291 248 1158 360; baseline 0.024 -46"><span class='ocrx_word' id='word_1_1' title='bbox 291 353 294 360; x_wconf 17' lang='grc' dir='ltr'>Ι</span> <span class='ocrx_word' id='word_1_2' title='bbox 398 259 552 319; x_wconf 76' lang='lat' dir='ltr'>scacos</span> <span class='ocrx_word' id='word_1_3' title='bbox 573 261 612 332; x_wconf 84' lang='lat' dir='ltr'>x,</span> <span class='ocrx_word' id='word_1_4' title='bbox 634 268 807 322; x_wconf 67' lang='lat'><strong>70-74.=</strong></span> <span class='ocrx_word' id='word_1_5' title='bbox 965 271 1033 332; x_wconf 76' lang='lat' dir='ltr'>ssa</span> <span class='ocrx_word' id='word_1_6' title='bbox 1156 248 1158 255; x_wconf 80' lang='grc'><strong>’</strong></span> 
     </span>
    </p>
   </div>
   <div class='ocr_carea' id='block_1_2' title="bbox 76 425 1083 2332">
    <p class='ocr_par' dir='ltr' id='par_1_2' title="bbox 76 425 1083 2332">
     <span class='ocr_line' id='line_1_2' title="bbox 190 425 897 496; baseline 0.004 -21"><span class='ocrx_word' id='word_1_7' title='bbox 190 465 192 469; x_wconf 89' lang='grc'>.</span> <span class='ocrx_word' id='word_1_8' title='bbox 281 425 351 488; x_wconf 80' lang='lat' dir='ltr'>Quod</span> <span class='ocrx_word' id='word_1_9' title='bbox 368 425 436 476; x_wconf 79' lang='lat' dir='ltr'>lotos</span> <span class='ocrx_word' id='word_1_10' title='bbox 453 425 539 476; x_wconf 74' lang='lat' dir='ltr'>morat</span> <span class='ocrx_word' id='word_1_11' title='bbox 555 425 660 478; x_wconf 78' lang='lat' dir='ltr'>orbatae</span> <span class='ocrx_word' id='word_1_12' title='bbox 675 427 803 492; x_wconf 78' lang='lat' dir='ltr'>motusque</span> <span class='ocrx_word' id='word_1_13' title='bbox 895 485 897 496; x_wconf 38' lang='grc'>1</span> 
     </span>
     <span class='ocr_line' id='line_1_3' title="bbox 448 510 644 576; baseline 0 -18"><span class='ocrx_word' id='word_1_14' title='bbox 448 510 550 575; x_wconf 65' lang='lat' dir='ltr'>Jupiter</span> <span class='ocrx_word' id='word_1_15' title='bbox 565 517 644 576; x_wconf 58' lang='lat' dir='ltr'>arguet.</span> 
     </span>
     <span class='ocr_line' id='line_1_4' title="bbox 145 609 1030 709; baseline 0.01 -26"><span class='ocrx_word' id='word_1_16' title='bbox 145 627 302 689; x_wconf 76' lang='lat' dir='ltr'>Vehemens</span> <span class='ocrx_word' id='word_1_17' title='bbox 328 647 398 688; x_wconf 90' lang='lat' dir='ltr'>saue</span> <span class='ocrx_word' id='word_1_18' title='bbox 424 609 503 688; x_wconf 83' lang='lat' dir='ltr'>calor</span> <span class='ocrx_word' id='word_1_19' title='bbox 529 629 669 702; x_wconf 82' lang='lat' dir='ltr'>aestiuus,</span> <span class='ocrx_word' id='word_1_20' title='bbox 701 649 758 709; x_wconf 85' lang='lat' dir='ltr'>quo</span> <span class='ocrx_word' id='word_1_21' title='bbox 784 627 957 689; x_wconf 84' lang='lat' dir='ltr'>frumentum</span> <span class='ocrx_word' id='word_1_22' title='bbox 973 653 1030 692; x_wconf 90' lang='lat' dir='ltr'>non</span> 
     </span>
     <span class='ocr_line' id='line_1_5' title="bbox 143 713 1066 812; baseline 0.005 -24"><span class='ocrx_word' id='word_1_23' title='bbox 143 736 252 788; x_wconf 86' lang='lat' dir='ltr'>tautum</span> <span class='ocrx_word' id='word_1_24' title='bbox 272 737 302 792; x_wconf 88' lang='lat' dir='ltr'>et</span> <span class='ocrx_word' id='word_1_25' title='bbox 322 749 452 812; x_wconf 66' lang='lat' dir='ltr'>gramen,</span> <span class='ocrx_word' id='word_1_26' title='bbox 472 731 702 808; x_wconf 77' lang='lat' dir='ltr'>quemadmodum</span> <span class='ocrx_word' id='word_1_27' title='bbox 718 731 778 804; x_wconf 85' lang='lat' dir='ltr'>Vll,</span> <span class='ocrx_word' id='word_1_28' title='bbox 801 736 852 804; x_wconf 81' lang='lat'>57,</span> <span class='ocrx_word' id='word_1_29' title='bbox 873 751 935 792; x_wconf 86' lang='lat' dir='ltr'>cum</span> <span class='ocrx_word' id='word_1_30' title='bbox 957 737 1033 793; x_wconf 90' lang='lat' dir='ltr'>nuda</span> <span class='ocrx_word' id='word_1_31' title='bbox 1062 713 1066 725; x_wconf 39' lang='lat'>⁸</span> 
     </span>
     <span class='ocr_line' id='line_1_6' title="bbox 140 831 1031 916; baseline 0 -24"><span class='ocrx_word' id='word_1_32' title='bbox 140 831 201 893; x_wconf 82' lang='lat' dir='ltr'>vita</span> <span class='ocrx_word' id='word_1_33' title='bbox 227 831 275 890; x_wconf 89' lang='lat' dir='ltr'>siti</span> <span class='ocrx_word' id='word_1_34' title='bbox 302 831 392 912; x_wconf 87' lang='lat' dir='ltr'>perit,</span> <span class='ocrx_word' id='word_1_35' title='bbox 423 832 475 891; x_wconf 88' lang='lat' dir='ltr'>sed</span> <span class='ocrx_word' id='word_1_36' title='bbox 500 832 545 893; x_wconf 84' lang='lat' dir='ltr'>vel</span> <span class='ocrx_word' id='word_1_37' title='bbox 571 833 685 894; x_wconf 90' lang='lat' dir='ltr'>intimus</span> <span class='ocrx_word' id='word_1_38' title='bbox 712 833 799 916; x_wconf 76' lang='lat' dir='ltr'>liber</span> <span class='ocrx_word' id='word_1_39' title='bbox 824 835 926 893; x_wconf 77' lang='lat' dir='ltr'>altae</span> <span class='ocrx_word' id='word_1_40' title='bbox 948 836 1031 893; x_wconf 67' lang='lat' dir='ltr'>olma·</span> 
     </span>
     <span class='ocr_line' id='line_1_7' title="bbox 140 917 1032 1014; baseline 0.001 -20"><span class='ocrx_word' id='word_1_41' title='bbox 140 931 274 994; x_wconf 83' lang='lat' dir='ltr'>vitiferaa</span> <span class='ocrx_word' id='word_1_42' title='bbox 295 940 376 1014; x_wconf 71' lang='lat' dir='ltr'>aestu</span> <span class='ocrx_word' id='word_1_43' title='bbox 399 940 526 992; x_wconf 86' lang='lat' dir='ltr'>necatur.</span> <span class='ocrx_word' id='word_1_44' title='bbox 554 931 736 1012; x_wconf 74' lang='lat' dir='ltr'>Aethiopes</span> <span class='ocrx_word' id='word_1_45' title='bbox 757 935 794 994; x_wconf 92' lang='lat' dir='ltr'>in·</span> <span class='ocrx_word' id='word_1_46' title='bbox 809 930 939 996; x_wconf 85' lang='lat' dir='ltr'>fabuloso</span> <span class='ocrx_word' id='word_1_47' title='bbox 956 917 1032 995; x_wconf 63' lang='lat' dir='ltr'>xorbe</span> 
     </span>
     <span class='ocr_line' id='line_1_8' title="bbox 142 1029 1032 1116; baseline 0.004 -24"><span class='ocrx_word' id='word_1_48' title='bbox 142 1029 283 1092; x_wconf 80' lang='lat' dir='ltr'>ierrarum</span> <span class='ocrx_word' id='word_1_49' title='bbox 308 1034 384 1093; x_wconf 91' lang='lat' dir='ltr'>illius</span> <span class='ocrx_word' id='word_1_50' title='bbox 411 1034 546 1112; x_wconf 86' lang='lat' dir='ltr'>temporis</span> <span class='ocrx_word' id='word_1_51' title='bbox 574 1053 592 1092; x_wconf 88' lang='lat' dir='ltr'>a</span> <span class='ocrx_word' id='word_1_52' title='bbox 618 1035 773 1108; x_wconf 72' lang='lat' dir='ltr'>meridiane</span> <span class='ocrx_word' id='word_1_53' title='bbox 799 1037 887 1116; x_wconf 77' lang='lat' dir='ltr'>plaga</span> <span class='ocrx_word' id='word_1_54' title='bbox 900 1037 1032 1096; x_wconf 78' lang='lat' dir='ltr'>orientis</span> 
     </span>
     <span class='ocr_line' id='line_1_9' title="bbox 141 1133 1032 1216; baseline 0.003 -23"><span class='ocrx_word' id='word_1_55' title='bbox 141 1133 212 1193; x_wconf 89' lang='lat' dir='ltr'>solis</span> <span class='ocrx_word' id='word_1_56' title='bbox 238 1135 275 1194; x_wconf 90' lang='lat' dir='ltr'>ad</span> <span class='ocrx_word' id='word_1_57' title='bbox 302 1135 484 1195; x_wconf 89' lang='lat' dir='ltr'>meridianam</span> <span class='ocrx_word' id='word_1_58' title='bbox 511 1134 623 1215; x_wconf 80' lang='lat' dir='ltr'>plagam</span> <span class='ocrx_word' id='word_1_59' title='bbox 646 1136 802 1197; x_wconf 84' lang='lat' dir='ltr'>occidentis</span> <span class='ocrx_word' id='word_1_60' title='bbox 823 1136 908 1208; x_wconf 78' lang='lat' dir='ltr'>solia,</span> <span class='ocrx_word' id='word_1_61' title='bbox 936 1139 1032 1216; x_wconf 86' lang='lat' dir='ltr'>plures</span> 
     </span>
     <span class='ocr_line' id='line_1_10' title="bbox 143 1235 1050 1318; baseline 0.006 -25"><span class='ocrx_word' id='word_1_62' title='bbox 143 1237 263 1314; x_wconf 84' lang='lat' dir='ltr'>populos</span> <span class='ocrx_word' id='word_1_63' title='bbox 283 1235 433 1314; x_wconf 81' lang='lat' dir='ltr'>complexi,</span> <span class='ocrx_word' id='word_1_64' title='bbox 455 1244 611 1296; x_wconf 88' lang='lat' dir='ltr'>extremum</span> <span class='ocrx_word' id='word_1_65' title='bbox 632 1256 727 1297; x_wconf 90' lang='lat' dir='ltr'>arcum</span> <span class='ocrx_word' id='word_1_66' title='bbox 748 1239 924 1317; x_wconf 86' lang='lat' dir='ltr'>occupabant</span> <span class='ocrx_word' id='word_1_67' title='bbox 943 1257 1050 1318; x_wconf 54' lang='lat' dir='ltr'>proper</span> 
     </span>
     <span class='ocr_line' id='line_1_11' title="bbox 142 1337 1032 1422; baseline 0.002 -26"><span class='ocrx_word' id='word_1_68' title='bbox 142 1339 300 1410; x_wconf 84' lang='lat' dir='ltr'>Oceanum,</span> <span class='ocrx_word' id='word_1_69' title='bbox 333 1337 381 1416; x_wconf 88' lang='lat' dir='ltr'>qui</span> <span class='ocrx_word' id='word_1_70' title='bbox 410 1338 446 1396; x_wconf 86' lang='lat' dir='ltr'>ab</span> <span class='ocrx_word' id='word_1_71' title='bbox 473 1337 554 1396; x_wconf 88' lang='lat' dir='ltr'>exitu</span> <span class='ocrx_word' id='word_1_72' title='bbox 580 1337 659 1398; x_wconf 86' lang='lat' dir='ltr'>sinus</span> <span class='ocrx_word' id='word_1_73' title='bbox 685 1339 799 1399; x_wconf 79' lang='lat' dir='ltr'>Arabici</span> <span class='ocrx_word' id='word_1_74' title='bbox 825 1341 861 1400; x_wconf 88' lang='lat' dir='ltr'>od</span> <span class='ocrx_word' id='word_1_75' title='bbox 891 1341 1032 1422; x_wconf 78' lang='lat' dir='ltr'>Europam</span> 
     </span>
     <span class='ocr_line' id='line_1_12' title="bbox 140 1439 1030 1522; baseline 0.003 -22"><span class='ocrx_word' id='word_1_76' title='bbox 140 1458 243 1500; x_wconf 82' lang='lat' dir='ltr'>versus</span> <span class='ocrx_word' id='word_1_77' title='bbox 269 1439 479 1499; x_wconf 73' lang='lat' dir='ltr'><strong>coarctabatur.</strong></span> <span class='ocrx_word' id='word_1_78' title='bbox 522 1439 553 1498; x_wconf 94' lang='lat' dir='ltr'>ln</span> <span class='ocrx_word' id='word_1_79' title='bbox 579 1440 650 1499; x_wconf 87' lang='lat' dir='ltr'>urbe</span> <span class='ocrx_word' id='word_1_80' title='bbox 672 1441 766 1518; x_wconf 82' lang='lat' dir='ltr'>Syene</span> <span class='ocrx_word' id='word_1_81' title='bbox 782 1443 871 1522; x_wconf 77' lang='lat' dir='ltr'>jam,</span> <span class='ocrx_word' id='word_1_82' title='bbox 885 1461 958 1522; x_wconf 87' lang='lat' dir='ltr'>quae</span> <span class='ocrx_word' id='word_1_83' title='bbox 979 1443 1030 1502; x_wconf 88' lang='lat' dir='ltr'>sub</span> 
     </span>
     <span class='ocr_line' id='line_1_13' title="bbox 140 1540 1083 1628; baseline 0.006 -29"><span class='ocrx_word' id='word_1_84' title='bbox 140 1540 251 1620; x_wconf 89' lang='lat' dir='ltr'>tropico</span> <span class='ocrx_word' id='word_1_85' title='bbox 275 1541 398 1600; x_wconf 73' lang='lat' dir='ltr'>Cancri</span> <span class='ocrx_word' id='word_1_86' title='bbox 420 1548 497 1613; x_wconf 89' lang='lat' dir='ltr'>erat,</span> <span class='ocrx_word' id='word_1_87' title='bbox 526 1541 624 1601; x_wconf 91' lang='lat' dir='ltr'>diebus</span> <span class='ocrx_word' id='word_1_88' title='bbox 650 1542 823 1628; x_wconf 82' lang='lat' dir='ltr'>longissimis</span> <span class='ocrx_word' id='word_1_89' title='bbox 849 1543 1031 1604; x_wconf 88' lang='lat' dir='ltr'>meridianum</span> <span class='ocrx_word' id='word_1_90' title='bbox 1082 1559 1083 1562; x_wconf 74' lang='grc'>’</span> 
     </span>
     <span class='ocr_line' id='line_1_14' title="bbox 140 1626 1031 1726; baseline 0.004 -24"><span class='ocrx_word' id='word_1_91' title='bbox 140 1643 230 1702; x_wconf 89' lang='lat' dir='ltr'>solem</span> <span class='ocrx_word' id='word_1_92' title='bbox 257 1663 343 1722; x_wconf 87' lang='lat' dir='ltr'>supra</span> <span class='ocrx_word' id='word_1_93' title='bbox 372 1650 458 1723; x_wconf 89' lang='lat' dir='ltr'>caput</span> <span class='ocrx_word' id='word_1_94' title='bbox 484 1626 634 1706; x_wconf 80' lang='lat' dir='ltr'>babebaut.</span> <span class='ocrx_word' id='word_1_95' title='bbox 677 1645 782 1704; x_wconf 87' lang='lat' dir='ltr'>Strabo</span> <span class='ocrx_word' id='word_1_96' title='bbox 810 1665 860 1705; x_wconf 90' lang='lat' dir='ltr'>eos</span> <span class='ocrx_word' id='word_1_97' title='bbox 881 1647 1031 1726; x_wconf 88' lang='lat' dir='ltr'>plerosque</span> 
     </span>
     <span class='ocr_line' id='line_1_15' title="bbox 139 1723 1030 1826; baseline 0.002 -24"><span class='ocrx_word' id='word_1_98' title='bbox 139 1744 284 1804; x_wconf 86' lang='lat' dir='ltr'>Nomades</span> <span class='ocrx_word' id='word_1_99' title='bbox 306 1723 444 1823; x_wconf 76' lang='lat' dir='ltr'>pauperes</span> <span class='ocrx_word' id='word_1_100' title='bbox 466 1763 530 1803; x_wconf 87' lang='lat' dir='ltr'>essa</span> <span class='ocrx_word' id='word_1_101' title='bbox 551 1743 629 1814; x_wconf 88' lang='lat' dir='ltr'>dicit,</span> <span class='ocrx_word' id='word_1_102' title='bbox 651 1744 708 1822; x_wconf 84' lang='lat' dir='ltr'>qui,</span> <span class='ocrx_word' id='word_1_103' title='bbox 730 1746 775 1805; x_wconf 90' lang='lat' dir='ltr'>vel</span> <span class='ocrx_word' id='word_1_104' title='bbox 797 1746 865 1804; x_wconf 90' lang='lat' dir='ltr'>nudi</span> <span class='ocrx_word' id='word_1_105' title='bbox 885 1747 930 1809; x_wconf 86' lang='lat' dir='ltr'>vol</span> <span class='ocrx_word' id='word_1_106' title='bbox 952 1747 1030 1826; x_wconf 89' lang='lat' dir='ltr'>pelli-</span> 
     </span>
     <span class='ocr_line' id='line_1_16' title="bbox 139 1844 1030 1928; baseline 0 -23"><span class='ocrx_word' id='word_1_107' title='bbox 139 1847 195 1905; x_wconf 85' lang='lat' dir='ltr'>bus</span> <span class='ocrx_word' id='word_1_108' title='bbox 222 1845 308 1923; x_wconf 86' lang='lat' dir='ltr'>tecti,</span> <span class='ocrx_word' id='word_1_109' title='bbox 337 1844 392 1923; x_wconf 90' lang='lat' dir='ltr'>ipsi</span> <span class='ocrx_word' id='word_1_110' title='bbox 420 1845 521 1926; x_wconf 75' lang='lat' dir='ltr'>exigui</span> <span class='ocrx_word' id='word_1_111' title='bbox 546 1853 671 1915; x_wconf 88' lang='lat' dir='ltr'>statura,</span> <span class='ocrx_word' id='word_1_112' title='bbox 702 1864 765 1903; x_wconf 92' lang='lat' dir='ltr'>cum</span> <span class='ocrx_word' id='word_1_113' title='bbox 792 1846 899 1926; x_wconf 78' lang='lat' dir='ltr'>exiguo</span> <span class='ocrx_word' id='word_1_114' title='bbox 926 1862 1030 1928; x_wconf 82' lang='lat' dir='ltr'>pecore</span> 
     </span>
     <span class='ocr_line' id='line_1_17' title="bbox 143 1943 1030 2024; baseline 0.001 -19"><span class='ocrx_word' id='word_1_115' title='bbox 143 1951 252 2005; x_wconf 74' lang='lat' dir='ltr'>ocium</span> <span class='ocrx_word' id='word_1_116' title='bbox 272 1943 373 2023; x_wconf 87' lang='lat' dir='ltr'>capillo</span> <span class='ocrx_word' id='word_1_117' title='bbox 396 1945 527 2023; x_wconf 86' lang='lat' dir='ltr'>caprino,</span> <span class='ocrx_word' id='word_1_118' title='bbox 554 1964 700 2024; x_wconf 86' lang='lat' dir='ltr'>caprarum</span> <span class='ocrx_word' id='word_1_119' title='bbox 722 1951 753 2003; x_wconf 87' lang='lat' dir='ltr'>et</span> <span class='ocrx_word' id='word_1_120' title='bbox 773 1943 878 2017; x_wconf 79' lang='lat' dir='ltr'>boum,</span> <span class='ocrx_word' id='word_1_121' title='bbox 895 1965 962 2006; x_wconf 68' lang='lat' dir='ltr'>‘cum</span> <span class='ocrx_word' id='word_1_122' title='bbox 983 1966 1030 2006; x_wconf 88' lang='lat' dir='ltr'>cu-</span> 
     </span>
     <span class='ocr_line' id='line_1_18' title="bbox 76 2042 1028 2127; baseline 0 -21"><span class='ocrx_word' id='word_1_123' title='bbox 76 2047 77 2052; x_wconf 72' lang='grc'>’</span> <span class='ocrx_word' id='word_1_124' title='bbox 141 2047 226 2106; x_wconf 89' lang='lat' dir='ltr'>nibus</span> <span class='ocrx_word' id='word_1_125' title='bbox 253 2042 364 2126; x_wconf 85' lang='lat' dir='ltr'>quoque</span> <span class='ocrx_word' id='word_1_126' title='bbox 390 2045 501 2124; x_wconf 88' lang='lat' dir='ltr'>parvis,</span> <span class='ocrx_word' id='word_1_127' title='bbox 522 2046 581 2110; x_wconf 79' lang='lat' dir='ltr'>‚scd</span> <span class='ocrx_word' id='word_1_128' title='bbox 610 2045 802 2127; x_wconf 82' lang='lat' dir='ltr'>pugnacibus,</span> <span class='ocrx_word' id='word_1_129' title='bbox 829 2067 880 2126; x_wconf 87' lang='lat' dir='ltr'>per</span> <span class='ocrx_word' id='word_1_130' title='bbox 899 2048 1028 2127; x_wconf 85' lang='lat' dir='ltr'>patriam,</span> 
     </span>
     <span class='ocr_line' id='line_1_19' title="bbox 142 2148 1029 2231; baseline 0.001 -22"><span class='ocrx_word' id='word_1_131' title='bbox 142 2150 205 2210; x_wconf 89' lang='lat' dir='ltr'>sole</span> <span class='ocrx_word' id='word_1_132' title='bbox 225 2156 317 2209; x_wconf 86' lang='lat' dir='ltr'>ustam</span> <span class='ocrx_word' id='word_1_133' title='bbox 339 2155 368 2208; x_wconf 85' lang='lat' dir='ltr'>et</span> <span class='ocrx_word' id='word_1_134' title='bbox 385 2169 519 2219; x_wconf 90' lang='lat' dir='ltr'>macram,</span> <span class='ocrx_word' id='word_1_135' title='bbox 540 2149 680 2228; x_wconf 87' lang='lat' dir='ltr'>palantur.</span> <span class='ocrx_word' id='word_1_136' title='bbox 712 2148 784 2216; x_wconf 80' lang='lat' dir='ltr'>llos</span> <span class='ocrx_word' id='word_1_137' title='bbox 804 2169 896 2231; x_wconf 79' lang='lat' dir='ltr'>vagos</span> <span class='ocrx_word' id='word_1_138' title='bbox 916 2169 1029 2210; x_wconf 88' lang='lat' dir='ltr'>errores</span> 
     </span>
     <span class='ocr_line' id='line_1_20' title="bbox 142 2249 1028 2332; baseline 0 -22"><span class='ocrx_word' id='word_1_139' title='bbox 142 2258 296 2332; x_wconf 87' lang='lat' dir='ltr'>pastorum,</span> <span class='ocrx_word' id='word_1_140' title='bbox 318 2268 389 2328; x_wconf 83' lang='lat' dir='ltr'>quos</span> <span class='ocrx_word' id='word_1_141' title='bbox 411 2249 547 2331; x_wconf 78' lang='lat' dir='ltr'>Virgilius</span> <span class='ocrx_word' id='word_1_142' title='bbox 568 2250 623 2310; x_wconf 89' lang='lat' dir='ltr'>Lb.</span> <span class='ocrx_word' id='word_1_143' title='bbox 645 2250 695 2321; x_wconf 87' lang='grc' dir='ltr'>ΙΙΙ,</span> <span class='ocrx_word' id='word_1_144' title='bbox 717 2258 779 2312; x_wconf 79' lang='grc'>339</span> <span class='ocrx_word' id='word_1_145' title='bbox 801 2251 944 2322; x_wconf 79' lang='lat' dir='ltr'>describit,</span> <span class='ocrx_word' id='word_1_146' title='bbox 966 2272 1028 2314; x_wconf 87' lang='lat' dir='ltr'>ver·</span> 
     </span>
    </p>
   </div>
   <div class='ocr_carea' id='block_1_3' title="bbox 141 2349 1124 2437">
    <p class='ocr_par' dir='ltr' id='par_1_3' title="bbox 141 2349 1124 2437">
     <span class='ocr_line' id='line_1_21' title="bbox 141 2349 1124 2437; baseline 0.001 -26"><span class='ocrx_word' id='word_1_147' title='bbox 141 2352 206 2411; x_wconf 89' lang='lat' dir='ltr'>bum</span> <span class='ocrx_word' id='word_1_148' title='bbox 232 2349 327 2431; x_wconf 83' lang='lat' dir='ltr'>pingit</span> <span class='ocrx_word' id='word_1_149' title='bbox 352 2369 504 2424; x_wconf 79' lang='lat' dir='ltr'>uersare,</span> <span class='ocrx_word' id='word_1_150' title='bbox 534 2370 619 2430; x_wconf 85' lang='lat' dir='ltr'>saepe</span> <span class='ocrx_word' id='word_1_151' title='bbox 644 2356 770 2422; x_wconf 86' lang='lat' dir='ltr'>vertere,</span> <span class='ocrx_word' id='word_1_152' title='bbox 799 2354 903 2410; x_wconf 86' lang='lat' dir='ltr'>circum</span> <span class='ocrx_word' id='word_1_153' title='bbox 929 2365 1026 2432; x_wconf 82' lang='lat' dir='ltr'>agere,</span> <span class='ocrx_word' id='word_1_154' title='bbox 1120 2424 1124 2437; x_wconf 44' lang='grc' dir='ltr'><strong><em>Ι</em></strong></span> 
     </span>
    </p>
   </div>
   <div class='ocr_carea' id='block_1_4' title="bbox 141 2451 1049 2838">
    <p class='ocr_par' dir='ltr' id='par_1_4' title="bbox 141 2451 1049 2838">
     <span class='ocr_line' id='line_1_22' title="bbox 142 2451 1027 2514; baseline 0.001 -2"><span class='ocrx_word' id='word_1_155' title='bbox 142 2453 221 2513; x_wconf 89' lang='lat' dir='ltr'>nulla</span> <span class='ocrx_word' id='word_1_156' title='bbox 240 2452 352 2512; x_wconf 83' lang='lat' dir='ltr'>ratione</span> <span class='ocrx_word' id='word_1_157' title='bbox 373 2451 468 2512; x_wconf 83' lang='lat' dir='ltr'>babitu</span> <span class='ocrx_word' id='word_1_158' title='bbox 490 2452 594 2514; x_wconf 85' lang='lat' dir='ltr'>Graeci</span> <span class='ocrx_word' id='word_1_159' title='bbox 620 2452 740 2512; x_wconf 69' lang='lat' dir='ltr'>nobaia:</span> <span class='ocrx_word' id='word_1_160' title='bbox 773 2451 844 2512; x_wconf 90' lang='lat' dir='ltr'>alias</span> <span class='ocrx_word' id='word_1_161' title='bbox 871 2452 944 2512; x_wconf 91' lang='lat' dir='ltr'>enim</span> <span class='ocrx_word' id='word_1_162' title='bbox 964 2473 1027 2513; x_wconf 90' lang='lat' dir='ltr'>sue·</span> 
     </span>
     <span class='ocr_line' id='line_1_23' title="bbox 142 2549 1028 2635; baseline 0 -22"><span class='ocrx_word' id='word_1_163' title='bbox 142 2555 205 2634; x_wconf 87' lang='lat' dir='ltr'>pius</span> <span class='ocrx_word' id='word_1_164' title='bbox 237 2554 267 2613; x_wconf 94' lang='lat' dir='ltr'>id</span> <span class='ocrx_word' id='word_1_165' title='bbox 297 2554 451 2635; x_wconf 79' lang='lat' dir='ltr'>legeretur.</span> <span class='ocrx_word' id='word_1_166' title='bbox 499 2554 573 2614; x_wconf 85' lang='lat' dir='ltr'>Nibil</span> <span class='ocrx_word' id='word_1_167' title='bbox 600 2552 696 2614; x_wconf 82' lang='lat' dir='ltr'>Amori</span> <span class='ocrx_word' id='word_1_168' title='bbox 728 2549 851 2613; x_wconf 82' lang='lat' dir='ltr'>resistit:</span> <span class='ocrx_word' id='word_1_169' title='bbox 887 2554 1028 2634; x_wconf 85' lang='lat' dir='ltr'>proverbii</span> 
     </span>
     <span class='ocr_line' id='line_1_24' title="bbox 141 2655 1027 2738; baseline 0 -22"><span class='ocrx_word' id='word_1_170' title='bbox 141 2657 233 2716; x_wconf 87' lang='lat' dir='ltr'>instar</span> <span class='ocrx_word' id='word_1_171' title='bbox 253 2655 423 2716; x_wconf 83' lang='lat' dir='ltr'>exclamatio</span> <span class='ocrx_word' id='word_1_172' title='bbox 446 2675 483 2716; x_wconf 90' lang='lat' dir='ltr'>ex</span> <span class='ocrx_word' id='word_1_173' title='bbox 504 2656 566 2716; x_wconf 86' lang='lat' dir='ltr'>Ciri</span> <span class='ocrx_word' id='word_1_174' title='bbox 587 2678 614 2721; x_wconf 83' lang='lat' dir='ltr'>v.</span> <span class='ocrx_word' id='word_1_175' title='bbox 637 2662 708 2718; x_wconf 79' lang='lat'><strong>437.</strong></span> <span class='ocrx_word' id='word_1_176' title='bbox 736 2656 832 2722; x_wconf 73' lang='lat' dir='ltr'>Quare</span> <span class='ocrx_word' id='word_1_177' title='bbox 853 2661 883 2715; x_wconf 93' lang='lat' dir='ltr'>et</span> <span class='ocrx_word' id='word_1_178' title='bbox 903 2675 960 2738; x_wconf 77' lang='lat' dir='ltr'>ego</span> <span class='ocrx_word' id='word_1_179' title='bbox 982 2675 1027 2716; x_wconf 90' lang='lat' dir='ltr'>me</span> 
     </span>
     <span class='ocr_line' id='line_1_25' title="bbox 141 2758 1049 2838; baseline 0 -20"><span class='ocrx_word' id='word_1_180' title='bbox 141 2759 203 2838; x_wconf 85' lang='lat' dir='ltr'>ejus</span> <span class='ocrx_word' id='word_1_181' title='bbox 236 2759 381 2838; x_wconf 83' lang='lat' dir='ltr'>potentiae</span> <span class='ocrx_word' id='word_1_182' title='bbox 406 2758 563 2838; x_wconf 83' lang='lat' dir='ltr'>subjiciam.</span> <span class='ocrx_word' id='word_1_183' title='bbox 606 2759 677 2818; x_wconf 75' lang='lat' dir='ltr'>(lum</span> <span class='ocrx_word' id='word_1_184' title='bbox 702 2758 757 2818; x_wconf 91' lang='lat' dir='ltr'>boc</span> <span class='ocrx_word' id='word_1_185' title='bbox 783 2758 1049 2830; x_wconf 45' lang='lat' dir='ltr'>decreto‘Gallus*</span> 
     </span>
    </p>
   </div>
   <div class='ocr_carea' id='block_1_5' title="bbox 54 2858 451 2938">
    <p class='ocr_par' dir='ltr' id='par_1_5' title="bbox 54 2858 451 2938">
     <span class='ocr_line' id='line_1_26' title="bbox 54 2858 451 2938; baseline 0.003 -20"><span class='ocrx_word' id='word_1_186' title='bbox 54 2905 56 2910; x_wconf 69' lang='lat'>,</span> <span class='ocrx_word' id='word_1_187' title='bbox 141 2861 289 2919; x_wconf 84' lang='lat' dir='ltr'>Arcadiam</span> <span class='ocrx_word' id='word_1_188' title='bbox 309 2858 451 2938; x_wconf 84' lang='lat' dir='ltr'>relinquit.</span> 
     </span>
    </p>
   </div>
   <div class='ocr_carea' id='block_1_6' title="bbox 108 2959 1025 3542">
    <p class='ocr_par' dir='ltr' id='par_1_6' title="bbox 108 2959 1025 3542">
     <span class='ocr_line' id='line_1_27' title="bbox 224 2959 1025 3041; baseline 0.001 -20"><span class='ocrx_word' id='word_1_189' title='bbox 224 2966 362 3022; x_wconf 80' lang='lat'><strong>70-74.</strong></span> <span class='ocrx_word' id='word_1_190' title='bbox 394 2960 495 3033; x_wconf 78' lang='lat' dir='ltr'>Po&#39;eta,</span> <span class='ocrx_word' id='word_1_191' title='bbox 515 2979 663 3038; x_wconf 90' lang='lat' dir='ltr'>personam</span> <span class='ocrx_word' id='word_1_192' title='bbox 684 2979 789 3041; x_wconf 82' lang='lat' dir='ltr'>gerens</span> <span class='ocrx_word' id='word_1_193' title='bbox 810 2959 932 3039; x_wconf 89' lang='lat' dir='ltr'>caprarii</span> <span class='ocrx_word' id='word_1_194' title='bbox 952 2981 979 3021; x_wconf 89' lang='lat' dir='ltr'>v.</span> <span class='ocrx_word' id='word_1_195' title='bbox 995 2970 1025 3032; x_wconf 88' lang='lat'>7,</span> 
     </span>
     <span class='ocr_line' id='line_1_28' title="bbox 141 3045 1025 3142; baseline 0 -21"><span class='ocrx_word' id='word_1_196' title='bbox 141 3062 331 3121; x_wconf 85' lang='lat' dir='ltr'>narrationem</span> <span class='ocrx_word' id='word_1_197' title='bbox 353 3059 399 3118; x_wconf 90' lang='lat' dir='ltr'>bic</span> <span class='ocrx_word' id='word_1_198' title='bbox 419 3045 567 3139; x_wconf 85' lang='lat' dir='ltr'>abrumpit,</span> <span class='ocrx_word' id='word_1_199' title='bbox 589 3079 646 3119; x_wconf 92' lang='lat' dir='ltr'>non</span> <span class='ocrx_word' id='word_1_200' title='bbox 667 3061 744 3120; x_wconf 89' lang='lat' dir='ltr'>lenta</span> <span class='ocrx_word' id='word_1_201' title='bbox 765 3057 934 3141; x_wconf 85' lang='lat' dir='ltr'>exprimens,</span> <span class='ocrx_word' id='word_1_202' title='bbox 956 3081 1025 3142; x_wconf 88' lang='lat' dir='ltr'>qao·</span> 
     </span>
     <span class='ocr_line' id='line_1_29' title="bbox 141 3161 1025 3243; baseline 0.003 -22"><span class='ocrx_word' id='word_1_203' title='bbox 141 3163 225 3222; x_wconf 91' lang='lat' dir='ltr'>modo</span> <span class='ocrx_word' id='word_1_204' title='bbox 246 3161 360 3234; x_wconf 82' lang='lat' dir='ltr'>Gallus,</span> <span class='ocrx_word' id='word_1_205' title='bbox 387 3161 494 3221; x_wconf 89' lang='lat' dir='ltr'>numini</span> <span class='ocrx_word' id='word_1_206' title='bbox 521 3182 553 3221; x_wconf 89' lang='lat' dir='ltr'>se</span> <span class='ocrx_word' id='word_1_207' title='bbox 574 3161 680 3221; x_wconf 88' lang='lat' dir='ltr'>dedens</span> <span class='ocrx_word' id='word_1_208' title='bbox 699 3162 826 3235; x_wconf 80' lang='lat' dir='ltr'>Amoris,</span> <span class='ocrx_word' id='word_1_209' title='bbox 856 3163 918 3243; x_wconf 92' lang='lat' dir='ltr'>ipso</span> <span class='ocrx_word' id='word_1_210' title='bbox 940 3171 1025 3243; x_wconf 66' lang='lat' dir='ltr'>poeta</span> 
     </span>
     <span class='ocr_line' id='line_1_30' title="bbox 141 3262 1025 3338; baseline 0.001 -14"><span class='ocrx_word' id='word_1_211' title='bbox 141 3264 257 3334; x_wconf 86' lang='lat' dir='ltr'>comite,</span> <span class='ocrx_word' id='word_1_212' title='bbox 285 3283 322 3323; x_wconf 84' lang='lat' dir='ltr'>ex</span> <span class='ocrx_word' id='word_1_213' title='bbox 342 3262 465 3324; x_wconf 78' lang='lat' dir='ltr'>Arcadia</span> <span class='ocrx_word' id='word_1_214' title='bbox 484 3264 614 3329; x_wconf 76' lang='lat' dir='ltr'>redierit,</span> <span class='ocrx_word' id='word_1_215' title='bbox 636 3272 681 3338; x_wconf 90' lang='lat' dir='ltr'>et,</span> <span class='ocrx_word' id='word_1_216' title='bbox 703 3283 741 3324; x_wconf 89' lang='lat' dir='ltr'>ex</span> <span class='ocrx_word' id='word_1_217' title='bbox 760 3274 828 3327; x_wconf 85' lang='lat' dir='ltr'>voto</span> <span class='ocrx_word' id='word_1_218' title='bbox 850 3286 902 3325; x_wconf 84' lang='lat' dir='ltr'>suo</span> <span class='ocrx_word' id='word_1_219' title='bbox 923 3287 950 3327; x_wconf 88' lang='lat' dir='ltr'>v.</span> <span class='ocrx_word' id='word_1_220' title='bbox 974 3273 1025 3327; x_wconf 67' lang='lat'>32,</span> 
     </span>
     <span class='ocr_line' id='line_1_31' title="bbox 108 3365 1023 3446; baseline 0.004 -20"><span class='ocrx_word' id='word_1_221' title='bbox 108 3419 109 3426; x_wconf 72' lang='grc'>,</span> <span class='ocrx_word' id='word_1_222' title='bbox 142 3387 159 3425; x_wconf 92' lang='lat' dir='ltr'>a</span> <span class='ocrx_word' id='word_1_223' title='bbox 180 3365 339 3443; x_wconf 86' lang='lat' dir='ltr'>pastoribus</span> <span class='ocrx_word' id='word_1_224' title='bbox 359 3365 490 3424; x_wconf 79' lang='lat' dir='ltr'>Arcadiis</span> <span class='ocrx_word' id='word_1_225' title='bbox 510 3367 612 3440; x_wconf 82' lang='lat' dir='ltr'>montis</span> <span class='ocrx_word' id='word_1_226' title='bbox 632 3367 756 3428; x_wconf 87' lang='lat' dir='ltr'>Maenali</span> <span class='ocrx_word' id='word_1_227' title='bbox 776 3375 806 3432; x_wconf 87' lang='lat' dir='ltr'>et</span> <span class='ocrx_word' id='word_1_228' title='bbox 816 3369 922 3446; x_wconf 82' lang='lat' dir='ltr'>Lycaei</span> <span class='ocrx_word' id='word_1_229' title='bbox 942 3387 970 3429; x_wconf 83' lang='lat' dir='ltr'>v.</span> <span class='ocrx_word' id='word_1_230' title='bbox 984 3376 1023 3429; x_wconf 81' lang='lat'>14</span> 
     </span>
     <span class='ocr_line' id='line_1_32' title="bbox 141 3465 1025 3542; baseline 0.001 -15"><span class='ocrx_word' id='word_1_231' title='bbox 141 3465 259 3528; x_wconf 84' lang='lat' dir='ltr'>defletus</span> <span class='ocrx_word' id='word_1_232' title='bbox 280 3468 326 3526; x_wconf 83' lang='lat' dir='ltr'>sil.</span> <span class='ocrx_word' id='word_1_233' title='bbox 370 3468 514 3542; x_wconf 76' lang='lat' dir='ltr'>satiauit,</span> <span class='ocrx_word' id='word_1_234' title='bbox 536 3471 605 3528; x_wconf 90' lang='lat' dir='ltr'>baec</span> <span class='ocrx_word' id='word_1_235' title='bbox 625 3489 702 3542; x_wconf 89' lang='lat' dir='ltr'>eum,</span> <span class='ocrx_word' id='word_1_236' title='bbox 724 3471 866 3530; x_wconf 85' lang='lat' dir='ltr'>Musarum</span> <span class='ocrx_word' id='word_1_237' title='bbox 887 3469 1025 3530; x_wconf 85' lang='lat' dir='ltr'>beneficio</span> 
     </span>
    </p>
   </div>
   <div class='ocr_carea' id='block_1_7' title="bbox 0 0 1212 3978">
    <p class='ocr_par' dir='ltr' id='par_1_7' title="bbox 0 0 1212 3978">
     <span class='ocr_line' id='line_1_33' title="bbox 0 0 1212 3978; baseline 0 0"><span class='ocrx_word' id='word_1_238' title='bbox 0 0 1212 3978; x_wconf 95' lang='lat' dir='ltr'> </span> 
     </span>
    </p>
   </div>
  </div>
 </body>
</html>
