<?xml version="1.0" encoding="UTF-8"?>
<!DOCTYPE html PUBLIC "-//W3C//DTD XHTML 1.0 Transitional//EN"
    "http://www.w3.org/TR/xhtml1/DTD/xhtml1-transitional.dtd">
<html xmlns="http://www.w3.org/1999/xhtml" xml:lang="en" lang="en">
 <head>
  <title>
</title>
<meta http-equiv="Content-Type" content="text/html;charset=utf-8" />
  <meta name='ocr-system' content='tesseract 3.04.00' />
  <meta name='ocr-capabilities' content='ocr_page ocr_carea ocr_par ocr_line ocrx_word'/>
</head>
<body>
  <div class='ocr_page' id='page_1' title='image "./johannishenrici00reingoog/johannishenrici00reingoog_0374.png"; bbox 0 0 2446 3972; ppageno 0'>
   <div class='ocr_carea' id='block_1_1' title="bbox 197 243 847 347">
    <p class='ocr_par' dir='ltr' id='par_1_1' title="bbox 197 243 847 347">
     <span class='ocr_line' id='line_1_1' title="bbox 197 243 847 347; baseline -0.055 -13"><span class='ocrx_word' id='word_1_1' title='bbox 197 269 265 334; x_wconf 77' lang='lat' dir='ltr'><strong>tao</strong></span> <span class='ocrx_word' id='word_1_2' title='bbox 438 248 594 347; x_wconf 77' lang='lat' dir='ltr'><strong>aeneos</strong></span> <span class='ocrx_word' id='word_1_3' title='bbox 615 244 690 317; x_wconf 86' lang='lat' dir='ltr'><strong>vni,</strong></span> <span class='ocrx_word' id='word_1_4' title='bbox 713 243 847 306; x_wconf 76' lang='lat' dir='ltr'><strong>cs-er.</strong></span> 
     </span>
    </p>
   </div>
   <div class='ocr_carea' id='block_1_2' title="bbox 199 389 1213 492">
    <p class='ocr_par' dir='ltr' id='par_1_2' title="bbox 199 389 1213 492">
     <span class='ocr_line' id='line_1_2' title="bbox 199 389 1213 492; baseline -0.039 -2"><span class='ocrx_word' id='word_1_5' title='bbox 199 434 298 490; x_wconf 85' lang='lat' dir='ltr'><strong>centes</strong></span> <span class='ocrx_word' id='word_1_6' title='bbox 334 427 445 481; x_wconf 85' lang='lat' dir='ltr'><strong>montes</strong></span> <span class='ocrx_word' id='word_1_7' title='bbox 476 417 609 478; x_wconf 86' lang='lat' dir='ltr'><strong>fluctibns</strong></span> <span class='ocrx_word' id='word_1_8' title='bbox 641 417 779 492; x_wconf 81' lang='lat' dir='ltr'>apparent</span> <span class='ocrx_word' id='word_1_9' title='bbox 808 406 924 467; x_wconf 88' lang='lat' dir='ltr'><strong>marinis</strong></span> <span class='ocrx_word' id='word_1_10' title='bbox 951 402 1101 464; x_wconf 73' lang='lat' dir='ltr'>submersi.</span> <span class='ocrx_word' id='word_1_11' title='bbox 1212 389 1213 450; x_wconf 78' lang='lat' dir='ltr'><strong>l</strong></span> 
     </span>
    </p>
   </div>
   <div class='ocr_carea' id='block_1_3' title="bbox 177 509 1104 1006">
    <p class='ocr_par' dir='ltr' id='par_1_3' title="bbox 177 509 1104 1006">
     <span class='ocr_line' id='line_1_3' title="bbox 200 509 1101 591; baseline -0.029 -1"><span class='ocrx_word' id='word_1_12' title='bbox 200 534 366 591; x_wconf 85' lang='lat' dir='ltr'><strong>Extremum</strong></span> <span class='ocrx_word' id='word_1_13' title='bbox 401 524 464 581; x_wconf 85' lang='lat' dir='ltr'><strong>boc¹</strong></span> <span class='ocrx_word' id='word_1_14' title='bbox 495 520 575 583; x_wconf 78' lang='lat' dir='ltr'><strong>Vale</strong></span> <span class='ocrx_word' id='word_1_15' title='bbox 608 516 711 575; x_wconf 89' lang='lat' dir='ltr'><strong>dietum</strong></span> <span class='ocrx_word' id='word_1_16' title='bbox 743 513 782 574; x_wconf 90' lang='lat' dir='ltr'><strong>sit</strong></span> <span class='ocrx_word' id='word_1_17' title='bbox 813 513 977 570; x_wconf 74' lang='lat' dir='ltr'><strong>siluarum</strong></span> <span class='ocrx_word' id='word_1_18' title='bbox 995 509 1101 586; x_wconf 73' lang='lat' dir='ltr'><strong>jugie</strong></span> 
     </span>
     <span class='ocr_line' id='line_1_4' title="bbox 203 609 1102 698; baseline -0.028 -7"><span class='ocrx_word' id='word_1_19' title='bbox 203 629 406 698; x_wconf 74' lang='lat' dir='ltr'>eminentibus,</span> <span class='ocrx_word' id='word_1_20' title='bbox 439 630 469 682; x_wconf 90' lang='lat' dir='ltr'><strong>et</strong></span> <span class='ocrx_word' id='word_1_21' title='bbox 501 622 536 680; x_wconf 88' lang='lat' dir='ltr'><strong>de</strong></span> <span class='ocrx_word' id='word_1_22' title='bbox 569 617 728 698; x_wconf 76' lang='lat' dir='ltr'><strong>praeruptis</strong></span> <span class='ocrx_word' id='word_1_23' title='bbox 765 616 913 688; x_wconf 73' lang='lat' dir='ltr'><strong>scopulis</strong></span> <span class='ocrx_word' id='word_1_24' title='bbox 940 612 969 670; x_wconf 92' lang='lat' dir='ltr'><strong>in</strong></span> <span class='ocrx_word' id='word_1_25' title='bbox 997 609 1102 668; x_wconf 87' lang='lat' dir='ltr'><strong>fluetus</strong></span> 
     </span>
     <span class='ocr_line' id='line_1_5' title="bbox 204 712 1103 807; baseline -0.026 -14"><span class='ocrx_word' id='word_1_26' title='bbox 204 740 315 794; x_wconf 88' lang='lat' dir='ltr'><strong>amator</strong></span> <span class='ocrx_word' id='word_1_27' title='bbox 334 747 368 788; x_wconf 85' lang='lat' dir='ltr'><strong>se</strong></span> <span class='ocrx_word' id='word_1_28' title='bbox 389 723 567 807; x_wconf 86' lang='lat' dir='ltr'><strong>praecipitat.</strong></span> <span class='ocrx_word' id='word_1_29' title='bbox 586 753 626 766; x_wconf 87' lang='lat'>-</span> <span class='ocrx_word' id='word_1_30' title='bbox 645 718 745 777; x_wconf 83' lang='lat' dir='ltr'><strong>Omnia</strong></span> <span class='ocrx_word' id='word_1_31' title='bbox 766 718 836 775; x_wconf 90' lang='lat' dir='ltr'><strong>baec</strong></span> <span class='ocrx_word' id='word_1_32' title='bbox 857 713 966 775; x_wconf 87' lang='lat' dir='ltr'><strong>scilicet</strong></span> <span class='ocrx_word' id='word_1_33' title='bbox 987 712 1103 772; x_wconf 84' lang='lat' dir='ltr'><strong>actione</strong></span> 
     </span>
     <span class='ocr_line' id='line_1_6' title="bbox 205 813 1104 895; baseline -0.026 -1"><span class='ocrx_word' id='word_1_34' title='bbox 205 842 314 895; x_wconf 88' lang='lat' dir='ltr'><strong>tantum</strong></span> <span class='ocrx_word' id='word_1_35' title='bbox 341 828 492 888; x_wconf 84' lang='lat' dir='ltr'><strong>imitatiice</strong></span> <span class='ocrx_word' id='word_1_36' title='bbox 519 824 602 882; x_wconf 87' lang='lat' dir='ltr'><strong>liunt.</strong></span> <span class='ocrx_word' id='word_1_37' title='bbox 647 821 761 878; x_wconf 77' lang='lat' dir='ltr'>Similes</span> <span class='ocrx_word' id='word_1_38' title='bbox 787 817 877 876; x_wconf 85' lang='lat' dir='ltr'><strong>minas</strong></span> <span class='ocrx_word' id='word_1_39' title='bbox 905 835 994 895; x_wconf 87' lang='lat' dir='ltr'><strong>prope</strong></span> <span class='ocrx_word' id='word_1_40' title='bbox 1016 813 1104 872; x_wconf 88' lang='lat' dir='ltr'><strong>litora</strong></span> 
     </span>
     <span class='ocr_line' id='line_1_7' title="bbox 177 913 1103 1006; baseline -0.028 -8"><span class='ocrx_word' id='word_1_41' title='bbox 177 958 182 970; x_wconf 86' lang='lat'><strong>·</strong></span> <span class='ocrx_word' id='word_1_42' title='bbox 205 943 299 998; x_wconf 87' lang='lat' dir='ltr'><strong>mente</strong></span> <span class='ocrx_word' id='word_1_43' title='bbox 320 913 388 991; x_wconf 85' lang='lat' dir='ltr'><strong>licta</strong></span> <span class='ocrx_word' id='word_1_44' title='bbox 411 916 513 1006; x_wconf 69' lang='grc' dir='ltr'><em>κῶμος</em></span> <span class='ocrx_word' id='word_1_45' title='bbox 533 925 619 984; x_wconf 85' lang='lat' dir='ltr'><strong>babet</strong></span> <span class='ocrx_word' id='word_1_46' title='bbox 640 920 808 981; x_wconf 85' lang='lat' dir='ltr'><strong>Theocritei</strong></span> <span class='ocrx_word' id='word_1_47' title='bbox 829 917 951 998; x_wconf 86' lang='lat' dir='ltr'><strong>caprarii</strong></span> <span class='ocrx_word' id='word_1_48' title='bbox 971 917 1022 986; x_wconf 93' lang='grc' dir='ltr'>ΙΙΙ,</span> <span class='ocrx_word' id='word_1_49' title='bbox 1046 920 1103 975; x_wconf 76' lang='lat' dir='ltr'><strong>tt:</strong></span> 
     </span>
    </p>
   </div>
   <div class='ocr_carea' id='block_1_4' title="bbox 276 1045 1185 1376">
    <p class='ocr_par' dir='ltr' id='par_1_4' title="bbox 276 1045 1185 1206">
     <span class='ocr_line' id='line_1_8' title="bbox 276 1045 1185 1129; baseline -0.026 -10"><span class='ocrx_word' id='word_1_50' title='bbox 276 1046 336 1118; x_wconf 81' lang='lat' dir='ltr'><strong>Vae</strong></span> <span class='ocrx_word' id='word_1_51' title='bbox 350 1060 425 1116; x_wconf 85' lang='lat' dir='ltr'><strong>milii!</strong></span> <span class='ocrx_word' id='word_1_52' title='bbox 455 1059 517 1129; x_wconf 80' lang='lat' dir='ltr'><strong>qiiid</strong></span> <span class='ocrx_word' id='word_1_53' title='bbox 535 1058 620 1126; x_wconf 89' lang='lat' dir='ltr'><strong>patior</strong></span> <span class='ocrx_word' id='word_1_54' title='bbox 637 1054 791 1122; x_wconf 81' lang='lat' dir='ltr'><strong>desperans!</strong></span> <span class='ocrx_word' id='word_1_55' title='bbox 810 1068 898 1104; x_wconf 87' lang='lat' dir='ltr'><strong>nenne</strong></span> <span class='ocrx_word' id='word_1_56' title='bbox 922 1045 1069 1102; x_wconf 74' lang='lat' dir='ltr'><strong>turbandis?</strong></span> <span class='ocrx_word' id='word_1_57' title='bbox 1179 1065 1185 1074; x_wconf 87' lang='lat'>·</span> 
     </span>
     <span class='ocr_line' id='line_1_9' title="bbox 277 1137 881 1206; baseline -0.025 -4"><span class='ocrx_word' id='word_1_58' title='bbox 277 1152 378 1202; x_wconf 81' lang='lat' dir='ltr'><strong>Exutus</strong></span> <span class='ocrx_word' id='word_1_59' title='bbox 397 1146 511 1199; x_wconf 68' lang='lat' dir='ltr'><strong>tunicam</strong></span> <span class='ocrx_word' id='word_1_60' title='bbox 529 1145 665 1206; x_wconf 75' lang='lat' dir='ltr'><strong>demergar</strong></span> <span class='ocrx_word' id='word_1_61' title='bbox 682 1139 801 1191; x_wconf 88' lang='lat' dir='ltr'><strong>fluctibus</strong></span> <span class='ocrx_word' id='word_1_62' title='bbox 818 1137 881 1200; x_wconf 86' lang='lat' dir='ltr'><strong>illic,</strong></span> 
     </span>
    </p>

    <p class='ocr_par' dir='ltr' id='par_1_5' title="bbox 277 1219 961 1376">
     <span class='ocr_line' id='line_1_10' title="bbox 277 1219 961 1292; baseline -0.022 -6"><span class='ocrx_word' id='word_1_63' title='bbox 277 1234 387 1286; x_wconf 84' lang='lat' dir='ltr'><strong>Retibos</strong></span> <span class='ocrx_word' id='word_1_64' title='bbox 405 1229 532 1283; x_wconf 84' lang='lat' dir='ltr'><strong>insidiens</strong></span> <span class='ocrx_word' id='word_1_65' title='bbox 550 1227 654 1292; x_wconf 74' lang='lat' dir='ltr'><strong>tbpnnis</strong></span> <span class='ocrx_word' id='word_1_66' title='bbox 671 1225 714 1276; x_wconf 89' lang='lat' dir='ltr'><strong>nbi</strong></span> <span class='ocrx_word' id='word_1_67' title='bbox 730 1221 857 1292; x_wconf 81' lang='lat' dir='ltr'><strong>prospicit</strong></span> <span class='ocrx_word' id='word_1_68' title='bbox 874 1219 961 1288; x_wconf 88' lang='lat' dir='ltr'><strong>Olpis!</strong></span> 
     </span>
     <span class='ocr_line' id='line_1_11' title="bbox 279 1304 951 1376; baseline -0.024 -2"><span class='ocrx_word' id='word_1_69' title='bbox 279 1315 403 1374; x_wconf 80' lang='lat' dir='ltr'><strong>Quamvis</strong></span> <span class='ocrx_word' id='word_1_70' title='bbox 421 1332 473 1368; x_wconf 87' lang='lat' dir='ltr'><strong>non</strong></span> <span class='ocrx_word' id='word_1_71' title='bbox 490 1312 636 1376; x_wconf 61' lang='lat' dir='ltr'><strong>moriani),</strong></span> <span class='ocrx_word' id='word_1_72' title='bbox 656 1309 712 1363; x_wconf 84' lang='lat' dir='ltr'><strong>viso</strong></span> <span class='ocrx_word' id='word_1_73' title='bbox 730 1307 834 1362; x_wconf 82' lang='lat' dir='ltr'><strong>laeteris</strong></span> <span class='ocrx_word' id='word_1_74' title='bbox 851 1304 951 1360; x_wconf 82' lang='lat' dir='ltr'><strong>amata!</strong></span> 
     </span>
    </p>
   </div>
   <div class='ocr_carea' id='block_1_5' title="bbox 210 1391 1213 1604">
    <p class='ocr_par' dir='ltr' id='par_1_6' title="bbox 210 1391 1213 1604">
     <span class='ocr_line' id='line_1_12' title="bbox 210 1391 1213 1500; baseline -0.027 -15"><span class='ocrx_word' id='word_1_75' title='bbox 210 1426 319 1485; x_wconf 83' lang='lat' dir='ltr'><strong>Saltus</strong></span> <span class='ocrx_word' id='word_1_76' title='bbox 335 1419 478 1500; x_wconf 87' lang='lat' dir='ltr'><strong>desperati</strong></span> <span class='ocrx_word' id='word_1_77' title='bbox 504 1419 624 1498; x_wconf 87' lang='lat' dir='ltr'><strong>impetus</strong></span> <span class='ocrx_word' id='word_1_78' title='bbox 651 1413 831 1474; x_wconf 87' lang='lat' dir='ltr'><strong>ordinatione</strong></span> <span class='ocrx_word' id='word_1_79' title='bbox 856 1410 1005 1472; x_wconf 85' lang='lat' dir='ltr'><strong>verborum</strong></span> <span class='ocrx_word' id='word_1_80' title='bbox 1026 1407 1107 1468; x_wconf 77' lang='lat' dir='ltr'><strong>audi·</strong></span> <span class='ocrx_word' id='word_1_81' title='bbox 1212 1391 1213 1428; x_wconf 46' lang='grc' dir='ltr'>Ι</span> 
     </span>
     <span class='ocr_line' id='line_1_13' title="bbox 210 1510 1106 1604; baseline -0.026 -18"><span class='ocrx_word' id='word_1_82' title='bbox 210 1533 259 1586; x_wconf 86' lang='lat' dir='ltr'><strong>tur</strong></span> <span class='ocrx_word' id='word_1_83' title='bbox 281 1533 466 1604; x_wconf 85' lang='lat' dir='ltr'><strong>praepostera</strong></span> <span class='ocrx_word' id='word_1_84' title='bbox 487 1528 517 1579; x_wconf 93' lang='lat' dir='ltr'><strong>et</strong></span> <span class='ocrx_word' id='word_1_85' title='bbox 538 1518 707 1578; x_wconf 78' lang='lat' dir='ltr'><strong>transitione</strong></span> <span class='ocrx_word' id='word_1_86' title='bbox 728 1515 867 1592; x_wconf 83' lang='lat' dir='ltr'><strong>dactylica</strong></span> <span class='ocrx_word' id='word_1_87' title='bbox 882 1513 1036 1586; x_wconf 79' lang='lat' dir='ltr'><strong>Beferar</strong></span> <span class='ocrx_word' id='word_1_88' title='bbox 1051 1510 1106 1570; x_wconf 73' lang='grc' dir='ltr'>ΙΙ).</span> 
     </span>
    </p>
   </div>
   <div class='ocr_carea' id='block_1_6' title="bbox 212 1615 1213 1905">
    <p class='ocr_par' dir='ltr' id='par_1_7' title="bbox 212 1615 1213 1905">
     <span class='ocr_line' id='line_1_14' title="bbox 212 1615 1213 1698; baseline -0.017 -11"><span class='ocrx_word' id='word_1_89' title='bbox 212 1629 240 1698; x_wconf 87' lang='grc' dir='ltr'><strong>Ι,</strong></span> <span class='ocrx_word' id='word_1_90' title='bbox 272 1633 344 1687; x_wconf 70' lang='grc'><strong>333.</strong></span> <span class='ocrx_word' id='word_1_91' title='bbox 389 1623 487 1684; x_wconf 79' lang='lat' dir='ltr'><strong>Gallus</strong></span> <span class='ocrx_word' id='word_1_92' title='bbox 514 1622 543 1680; x_wconf 91' lang='lat' dir='ltr'><strong>iu</strong></span> <span class='ocrx_word' id='word_1_93' title='bbox 566 1620 624 1679; x_wconf 85' lang='lat' dir='ltr'><strong>Ciri</strong></span> <span class='ocrx_word' id='word_1_94' title='bbox 646 1640 675 1680; x_wconf 81' lang='lat' dir='ltr'><strong>v.</strong></span> <span class='ocrx_word' id='word_1_95' title='bbox 697 1625 758 1679; x_wconf 75' lang='lat'><strong>302</strong></span> <span class='ocrx_word' id='word_1_96' title='bbox 781 1617 908 1676; x_wconf 78' lang='lat' dir='ltr'><strong>dixerat:</strong></span> <span class='ocrx_word' id='word_1_97' title='bbox 939 1615 1109 1688; x_wconf 76' lang='lat' dir='ltr'><strong>Praeceps</strong></span> <span class='ocrx_word' id='word_1_98' title='bbox 1212 1637 1213 1684; x_wconf 62' lang='lat' dir='ltr'><strong>p</strong></span> 
     </span>
     <span class='ocr_line' id='line_1_15' title="bbox 212 1716 1213 1800; baseline -0.017 -11"><span class='ocrx_word' id='word_1_99' title='bbox 212 1733 302 1790; x_wconf 64' lang='lat' dir='ltr'><strong>atrii</strong></span> <span class='ocrx_word' id='word_1_100' title='bbox 329 1729 468 1800; x_wconf 76' lang='lat' dir='ltr'><strong>specula</strong></span> <span class='ocrx_word' id='word_1_101' title='bbox 495 1725 535 1783; x_wconf 85' lang='lat' dir='ltr'><strong>de</strong></span> <span class='ocrx_word' id='word_1_102' title='bbox 556 1725 675 1782; x_wconf 74' lang='lat' dir='ltr'><strong>mentis</strong></span> <span class='ocrx_word' id='word_1_103' title='bbox 696 1720 844 1788; x_wconf 69' lang='lat' dir='ltr'><strong>abisam</strong></span> <span class='ocrx_word' id='word_1_104' title='bbox 873 1716 1017 1800; x_wconf 73' lang='lat' dir='ltr'><strong>ingeniosi</strong></span> <span class='ocrx_word' id='word_1_105' title='bbox 1033 1717 1109 1775; x_wconf 82' lang='lat' dir='ltr'><strong>ado·</strong></span> <span class='ocrx_word' id='word_1_106' title='bbox 1212 1725 1213 1800; x_wconf 7' lang='grc' dir='ltr'>ἐ</span> 
     </span>
     <span class='ocr_line' id='line_1_16' title="bbox 212 1819 1213 1905; baseline -0.018 -14"><span class='ocrx_word' id='word_1_107' title='bbox 212 1829 347 1891; x_wconf 85' lang='lat' dir='ltr'><strong>lescantis</strong></span> <span class='ocrx_word' id='word_1_108' title='bbox 380 1826 562 1887; x_wconf 83' lang='lat' dir='ltr'><strong>absoluturus</strong></span> <span class='ocrx_word' id='word_1_109' title='bbox 589 1823 756 1905; x_wconf 85' lang='lat' dir='ltr'><strong>imaginem,</strong></span> <span class='ocrx_word' id='word_1_110' title='bbox 790 1819 941 1902; x_wconf 77' lang='lat' dir='ltr'><strong>Virgilius,</strong></span> <span class='ocrx_word' id='word_1_111' title='bbox 979 1819 1110 1898; x_wconf 81' lang='lat' dir='ltr'><strong>Bapbael</strong></span> <span class='ocrx_word' id='word_1_112' title='bbox 1212 1847 1213 1902; x_wconf 62' lang='lat'>3</span> 
     </span>
    </p>
   </div>
   <div class='ocr_carea' id='block_1_7' title="bbox 153 1903 1213 3126">
    <p class='ocr_par' dir='ltr' id='par_1_8' title="bbox 153 1903 1213 3126">
     <span class='ocr_line' id='line_1_17' title="bbox 214 1903 1213 2012; baseline -0.015 -19"><span class='ocrx_word' id='word_1_113' title='bbox 214 1931 295 2012; x_wconf 85' lang='lat' dir='ltr'><strong>quasi</strong></span> <span class='ocrx_word' id='word_1_114' title='bbox 317 1928 435 2009; x_wconf 83' lang='lat' dir='ltr'><strong>aliquis,</strong></span> <span class='ocrx_word' id='word_1_115' title='bbox 466 1929 663 1988; x_wconf 85' lang='lat' dir='ltr'><strong>lineamentum</strong></span> <span class='ocrx_word' id='word_1_116' title='bbox 685 1923 793 1986; x_wconf 88' lang='lat' dir='ltr'><strong>addidit</strong></span> <span class='ocrx_word' id='word_1_117' title='bbox 814 1922 987 2001; x_wconf 62' lang='lat' dir='ltr'><strong>speciosum</strong></span> <span class='ocrx_word' id='word_1_118' title='bbox 1014 1941 1110 1999; x_wconf 85' lang='lat' dir='ltr'><strong>quem·</strong></span> <span class='ocrx_word' id='word_1_119' title='bbox 1212 1903 1213 1958; x_wconf 53' lang='grc' dir='ltr'>Ι</span> 
     </span>
     <span class='ocr_line' id='line_1_18' title="bbox 215 2028 1111 2100; baseline -0.011 -8"><span class='ocrx_word' id='word_1_120' title='bbox 215 2033 363 2094; x_wconf 80' lang='lat' dir='ltr'><strong>admodum</strong></span> <span class='ocrx_word' id='word_1_121' title='bbox 391 2031 443 2100; x_wconf 87' lang='lat' dir='ltr'><strong>Vl,</strong></span> <span class='ocrx_word' id='word_1_122' title='bbox 469 2037 521 2090; x_wconf 83' lang='lat'><strong>77.</strong></span> <span class='ocrx_word' id='word_1_123' title='bbox 563 2028 764 2087; x_wconf 78' lang='lat' dir='ltr'><strong>Extremam</strong></span> <span class='ocrx_word' id='word_1_124' title='bbox 789 2044 907 2084; x_wconf 72' lang='lat' dir='ltr'><strong>munus</strong></span> <span class='ocrx_word' id='word_1_125' title='bbox 928 2029 1111 2094; x_wconf 67' lang='lat' dir='ltr'><strong>morientis,</strong></span> 
     </span>
     <span class='ocr_line' id='line_1_19' title="bbox 215 2126 1114 2209; baseline -0.007 -19"><span class='ocrx_word' id='word_1_126' title='bbox 215 2134 276 2203; x_wconf 88' lang='lat' dir='ltr'><strong>bie,</strong></span> <span class='ocrx_word' id='word_1_127' title='bbox 299 2127 529 2209; x_wconf 82' lang='lat' dir='ltr'><strong>quamadmodum</strong></span> <span class='ocrx_word' id='word_1_128' title='bbox 551 2129 625 2207; x_wconf 87' lang='lat' dir='ltr'><strong>apud</strong></span> <span class='ocrx_word' id='word_1_129' title='bbox 646 2127 848 2198; x_wconf 73' lang='lat' dir='ltr'><strong>Theocritum,</strong></span> <span class='ocrx_word' id='word_1_130' title='bbox 871 2145 933 2184; x_wconf 86' lang='lat' dir='ltr'><strong>eum</strong></span> <span class='ocrx_word' id='word_1_131' title='bbox 955 2126 1114 2185; x_wconf 79' lang='lat' dir='ltr'><strong>acerbitate</strong></span> 
     </span>
     <span class='ocr_line' id='line_1_20' title="bbox 217 2227 1113 2316; baseline -0.009 -22"><span class='ocrx_word' id='word_1_132' title='bbox 217 2233 353 2316; x_wconf 76' lang='lat' dir='ltr'><strong>goudium</strong></span> <span class='ocrx_word' id='word_1_133' title='bbox 379 2231 449 2294; x_wconf 85' lang='lat' dir='ltr'><strong>dicit</strong></span> <span class='ocrx_word' id='word_1_134' title='bbox 476 2232 645 2310; x_wconf 75' lang='lat' dir='ltr'><strong>desperans,</strong></span> <span class='ocrx_word' id='word_1_135' title='bbox 676 2229 752 2309; x_wconf 87' lang='lat' dir='ltr'><strong>qued</strong></span> <span class='ocrx_word' id='word_1_136' title='bbox 778 2249 816 2288; x_wconf 83' lang='lat' dir='ltr'><strong>ex</strong></span> <span class='ocrx_word' id='word_1_137' title='bbox 838 2229 913 2308; x_wconf 83' lang='lat' dir='ltr'><strong>saltu</strong></span> <span class='ocrx_word' id='word_1_138' title='bbox 933 2227 1029 2307; x_wconf 86' lang='lat' dir='ltr'><strong>puella</strong></span> <span class='ocrx_word' id='word_1_139' title='bbox 1049 2245 1113 2286; x_wconf 86' lang='lat' dir='ltr'><strong>crn-</strong></span> 
     </span>
     <span class='ocr_line' id='line_1_21' title="bbox 219 2329 1114 2417; baseline -0.011 -21"><span class='ocrx_word' id='word_1_140' title='bbox 219 2337 290 2398; x_wconf 88' lang='lat' dir='ltr'><strong>delis</strong></span> <span class='ocrx_word' id='word_1_141' title='bbox 318 2335 462 2417; x_wconf 83' lang='lat' dir='ltr'><strong>percipiet.</strong></span> <span class='ocrx_word' id='word_1_142' title='bbox 507 2333 609 2393; x_wconf 88' lang='lat' dir='ltr'><strong>lisdem</strong></span> <span class='ocrx_word' id='word_1_143' title='bbox 634 2330 780 2394; x_wconf 84' lang='lat' dir='ltr'><strong>vocabulis</strong></span> <span class='ocrx_word' id='word_1_144' title='bbox 801 2330 829 2389; x_wconf 93' lang='lat' dir='ltr'><strong>in</strong></span> <span class='ocrx_word' id='word_1_145' title='bbox 853 2329 1048 2392; x_wconf 71' lang='lat' dir='ltr'><strong>viriumr</strong></span> <span class='ocrx_word' id='word_1_146' title='bbox 1072 2329 1114 2388; x_wconf 90' lang='lat' dir='ltr'><strong>in-</strong></span> 
     </span>
     <span class='ocr_line' id='line_1_22' title="bbox 217 2430 1116 2511; baseline -0.011 -13"><span class='ocrx_word' id='word_1_147' title='bbox 217 2438 290 2499; x_wconf 79' lang='lat' dir='ltr'><strong>felix</strong></span> <span class='ocrx_word' id='word_1_148' title='bbox 319 2437 391 2500; x_wconf 84' lang='lat' dir='ltr'><strong>Nisa</strong></span> <span class='ocrx_word' id='word_1_149' title='bbox 412 2455 466 2496; x_wconf 85' lang='lat' dir='ltr'><strong>usa</strong></span> <span class='ocrx_word' id='word_1_150' title='bbox 488 2443 547 2508; x_wconf 79' lang='lat' dir='ltr'><strong>ert,</strong></span> <span class='ocrx_word' id='word_1_151' title='bbox 574 2433 748 2496; x_wconf 76' lang='lat' dir='ltr'><strong>confessioni</strong></span> <span class='ocrx_word' id='word_1_152' title='bbox 768 2452 838 2492; x_wconf 88' lang='lat' dir='ltr'><strong>suae</strong></span> <span class='ocrx_word' id='word_1_153' title='bbox 860 2430 1018 2511; x_wconf 85' lang='lat' dir='ltr'><strong>praefatum</strong></span> <span class='ocrx_word' id='word_1_154' title='bbox 1040 2430 1116 2509; x_wconf 87' lang='lat' dir='ltr'><strong>apud</strong></span> 
     </span>
     <span class='ocr_line' id='line_1_23' title="bbox 153 2532 1116 2619; baseline -0.009 -21"><span class='ocrx_word' id='word_1_155' title='bbox 153 2611 156 2619; x_wconf 15' lang='lat' dir='ltr'>k</span> <span class='ocrx_word' id='word_1_156' title='bbox 219 2539 366 2598; x_wconf 71' lang='lat' dir='ltr'><strong>nemiuem.</strong></span> <span class='ocrx_word' id='word_1_157' title='bbox 409 2538 552 2608; x_wconf 71' lang='lat' dir='ltr'><strong>Manere,</strong></span> <span class='ocrx_word' id='word_1_158' title='bbox 590 2537 681 2596; x_wconf 88' lang='lat' dir='ltr'><strong>bonos</strong></span> <span class='ocrx_word' id='word_1_159' title='bbox 709 2534 826 2614; x_wconf 81' lang='lat' dir='ltr'><strong>quilibet</strong></span> <span class='ocrx_word' id='word_1_160' title='bbox 853 2535 898 2595; x_wconf 78' lang='lat' dir='ltr'><strong>nel</strong></span> <span class='ocrx_word' id='word_1_161' title='bbox 920 2532 1116 2611; x_wconf 82' lang='lat' dir='ltr'><strong>superioribus</strong></span> 
     </span>
     <span class='ocr_line' id='line_1_24' title="bbox 220 2632 1117 2714; baseline -0.008 -16"><span class='ocrx_word' id='word_1_162' title='bbox 220 2639 265 2698; x_wconf 86' lang='lat' dir='ltr'><strong>vel</strong></span> <span class='ocrx_word' id='word_1_163' title='bbox 296 2636 462 2714; x_wconf 77' lang='lat' dir='ltr'><strong>aequalibus</strong></span> <span class='ocrx_word' id='word_1_164' title='bbox 492 2638 537 2696; x_wconf 85' lang='lat' dir='ltr'><strong>vel</strong></span> <span class='ocrx_word' id='word_1_165' title='bbox 568 2636 752 2698; x_wconf 81' lang='lat' dir='ltr'><strong>inferioribus</strong></span> <span class='ocrx_word' id='word_1_166' title='bbox 783 2637 908 2706; x_wconf 66' lang='lat' dir='ltr'><strong>habitunt</strong></span> <span class='ocrx_word' id='word_1_167' title='bbox 944 2634 974 2692; x_wconf 92' lang='lat' dir='ltr'><strong>in</strong></span> <span class='ocrx_word' id='word_1_168' title='bbox 1007 2632 1117 2714; x_wconf 77' lang='lat' dir='ltr'><strong>linguis</strong></span> 
     </span>
     <span class='ocr_line' id='line_1_25' title="bbox 221 2735 1119 2817; baseline -0.004 -19"><span class='ocrx_word' id='word_1_169' title='bbox 221 2737 294 2798; x_wconf 87' lang='lat' dir='ltr'><strong>enim</strong></span> <span class='ocrx_word' id='word_1_170' title='bbox 328 2736 480 2796; x_wconf 84' lang='lat' dir='ltr'><strong>liberorum</strong></span> <span class='ocrx_word' id='word_1_171' title='bbox 510 2745 635 2799; x_wconf 83' lang='lat' dir='ltr'><strong>veterum</strong></span> <span class='ocrx_word' id='word_1_172' title='bbox 663 2740 733 2802; x_wconf 89' lang='lat' dir='ltr'><strong>nulli</strong></span> <span class='ocrx_word' id='word_1_173' title='bbox 758 2745 825 2798; x_wconf 87' lang='lat' dir='ltr'><strong>sunt</strong></span> <span class='ocrx_word' id='word_1_174' title='bbox 851 2737 979 2798; x_wconf 87' lang='lat' dir='ltr'><strong>ordinum</strong></span> <span class='ocrx_word' id='word_1_175' title='bbox 1008 2735 1119 2817; x_wconf 79' lang='lat' dir='ltr'><strong>gradus</strong></span> 
     </span>
     <span class='ocr_line' id='line_1_26' title="bbox 220 2837 1119 2912; baseline -0.006 -12"><span class='ocrx_word' id='word_1_176' title='bbox 220 2840 276 2900; x_wconf 89' lang='lat' dir='ltr'><strong>Lb.</strong></span> <span class='ocrx_word' id='word_1_177' title='bbox 298 2840 347 2912; x_wconf 83' lang='lat' dir='ltr'><strong>W,</strong></span> <span class='ocrx_word' id='word_1_178' title='bbox 369 2845 441 2901; x_wconf 80' lang='lat'><strong>520.</strong></span> <span class='ocrx_word' id='word_1_179' title='bbox 484 2842 549 2900; x_wconf 88' lang='lat' dir='ltr'><strong>Non</strong></span> <span class='ocrx_word' id='word_1_180' title='bbox 571 2842 662 2902; x_wconf 85' lang='lat' dir='ltr'><strong>minus</strong></span> <span class='ocrx_word' id='word_1_181' title='bbox 684 2841 786 2901; x_wconf 86' lang='lat' dir='ltr'><strong>acerbe</strong></span> <span class='ocrx_word' id='word_1_182' title='bbox 807 2840 835 2898; x_wconf 92' lang='lat' dir='ltr'><strong>iu</strong></span> <span class='ocrx_word' id='word_1_183' title='bbox 853 2838 1005 2898; x_wconf 82' lang='lat' dir='ltr'><strong>Theocriti</strong></span> <span class='ocrx_word' id='word_1_184' title='bbox 1016 2837 1119 2896; x_wconf 82' lang='lat' dir='ltr'><strong>xxm</strong></span> 
     </span>
     <span class='ocr_line' id='line_1_27' title="bbox 220 2941 1120 3020; baseline -0.003 -19"><span class='ocrx_word' id='word_1_185' title='bbox 220 2943 320 3020; x_wconf 87' lang='lat' dir='ltr'><strong>idyllio</strong></span> <span class='ocrx_word' id='word_1_186' title='bbox 348 2963 377 3004; x_wconf 89' lang='lat' dir='ltr'><strong>v.</strong></span> <span class='ocrx_word' id='word_1_187' title='bbox 406 2950 447 3004; x_wconf 75' lang='lat'><strong>20</strong></span> <span class='ocrx_word' id='word_1_188' title='bbox 473 2951 583 3004; x_wconf 85' lang='lat' dir='ltr'><strong>amator</strong></span> <span class='ocrx_word' id='word_1_189' title='bbox 608 2963 727 3004; x_wconf 75' lang='lat' dir='ltr'><strong>manac</strong></span> <span class='ocrx_word' id='word_1_190' title='bbox 754 2961 834 3003; x_wconf 89' lang='lat' dir='ltr'><strong>suum</strong></span> <span class='ocrx_word' id='word_1_191' title='bbox 862 2954 1049 3002; x_wconf 63' lang='lat' dir='ltr'><strong>extremuni</strong></span> <span class='ocrx_word' id='word_1_192' title='bbox 1078 2941 1120 2999; x_wconf 78' lang='lat' dir='ltr'><strong>le·</strong></span> 
     </span>
     <span class='ocr_line' id='line_1_28' title="bbox 222 3045 743 3126; baseline 0.002 -23"><span class='ocrx_word' id='word_1_193' title='bbox 222 3045 427 3122; x_wconf 68' lang='lat' dir='ltr'><strong>autemdicit,</strong></span> <span class='ocrx_word' id='word_1_194' title='bbox 450 3065 505 3124; x_wconf 84' lang='lat' dir='ltr'><strong>quo</strong></span> <span class='ocrx_word' id='word_1_195' title='bbox 528 3067 560 3106; x_wconf 88' lang='lat' dir='ltr'><strong>se</strong></span> <span class='ocrx_word' id='word_1_196' title='bbox 582 3045 743 3126; x_wconf 70' lang='lat' dir='ltr'><strong>suspendiis</strong></span> 
     </span>
    </p>
   </div>
   <div class='ocr_carea' id='block_1_8' title="bbox 324 3159 1038 3408">
    <p class='ocr_par' dir='ltr' id='par_1_9' title="bbox 324 3159 1038 3408">
     <span class='ocr_line' id='line_1_29' title="bbox 324 3159 1033 3229; baseline -0.006 -18"><span class='ocrx_word' id='word_1_197' title='bbox 324 3160 447 3224; x_wconf 85' lang='lat' dir='ltr'><strong>Rustica,</strong></span> <span class='ocrx_word' id='word_1_198' title='bbox 471 3177 549 3215; x_wconf 84' lang='lat' dir='ltr'><strong>saeve</strong></span> <span class='ocrx_word' id='word_1_199' title='bbox 565 3179 646 3229; x_wconf 87' lang='lat' dir='ltr'><strong>puer,</strong></span> <span class='ocrx_word' id='word_1_200' title='bbox 664 3159 777 3213; x_wconf 77' lang='lat' dir='ltr'><strong>crudelis</strong></span> <span class='ocrx_word' id='word_1_201' title='bbox 794 3161 898 3212; x_wconf 83' lang='lat' dir='ltr'><strong>alumne</strong></span> <span class='ocrx_word' id='word_1_202' title='bbox 914 3159 1033 3222; x_wconf 83' lang='lat' dir='ltr'><strong>leaenae,</strong></span> 
     </span>
     <span class='ocr_line' id='line_1_30' title="bbox 324 3240 1038 3314; baseline 0 -20"><span class='ocrx_word' id='word_1_203' title='bbox 324 3245 428 3308; x_wconf 82' lang='lat' dir='ltr'><strong>saxee,</strong></span> <span class='ocrx_word' id='word_1_204' title='bbox 446 3260 499 3306; x_wconf 81' lang='lat' dir='ltr'><strong>non</strong></span> <span class='ocrx_word' id='word_1_205' title='bbox 518 3245 609 3300; x_wconf 83' lang='lat' dir='ltr'><strong>merite</strong></span> <span class='ocrx_word' id='word_1_206' title='bbox 627 3253 655 3298; x_wconf 88' lang='lat' dir='ltr'><strong>ut</strong></span> <span class='ocrx_word' id='word_1_207' title='bbox 672 3246 774 3314; x_wconf 84' lang='lat' dir='ltr'><strong>cupiam</strong></span> <span class='ocrx_word' id='word_1_208' title='bbox 792 3243 833 3299; x_wconf 83' lang='lat' dir='ltr'><strong>tei</strong></span> <span class='ocrx_word' id='word_1_209' title='bbox 851 3258 959 3296; x_wconf 86' lang='lat' dir='ltr'><strong>munera</strong></span> <span class='ocrx_word' id='word_1_210' title='bbox 977 3240 1038 3296; x_wconf 84' lang='lat' dir='ltr'><strong>veni</strong></span> 
     </span>
     <span class='ocr_line' id='line_1_31' title="bbox 324 3325 829 3408; baseline 0.018 -33"><span class='ocrx_word' id='word_1_211' title='bbox 324 3325 398 3376; x_wconf 86' lang='lat' dir='ltr'><strong>Haec</strong></span> <span class='ocrx_word' id='word_1_212' title='bbox 415 3334 530 3380; x_wconf 84' lang='lat' dir='ltr'><strong>extrema</strong></span> <span class='ocrx_word' id='word_1_213' title='bbox 547 3327 649 3408; x_wconf 80' lang='lat' dir='ltr'><strong>lenens,</strong></span> <span class='ocrx_word' id='word_1_214' title='bbox 668 3327 829 3384; x_wconf 79' lang='lat' dir='ltr'><strong>nodositas!</strong></span> 
     </span>
    </p>
   </div>
   <div class='ocr_carea' id='block_1_9' title="bbox 291 3471 724 3534">
    <p class='ocr_par' dir='ltr' id='par_1_10' title="bbox 291 3471 724 3534">
     <span class='ocr_line' id='line_1_32' title="bbox 291 3471 724 3534; baseline -0.005 -1"><span class='ocrx_word' id='word_1_215' title='bbox 291 3471 331 3533; x_wconf 79' lang='grc' dir='ltr'><strong>Ἰ·</strong></span> <span class='ocrx_word' id='word_1_216' title='bbox 355 3475 395 3525; x_wconf 79' lang='grc' dir='ltr'><strong>ΑΙ.</strong></span> <span class='ocrx_word' id='word_1_217' title='bbox 432 3475 603 3533; x_wconf 85' lang='lat' dir='ltr'><strong>Quantnmvis</strong></span> <span class='ocrx_word' id='word_1_218' title='bbox 620 3479 724 3534; x_wconf 74' lang='lat' dir='ltr'><strong>morian</strong></span> 
     </span>
    </p>
   </div>
   <div class='ocr_carea' id='block_1_10' title="bbox 0 0 1256 3972">
    <p class='ocr_par' dir='ltr' id='par_1_11' title="bbox 0 0 1256 3972">
     <span class='ocr_line' id='line_1_33' title="bbox 0 0 1256 3972; baseline 0 0"><span class='ocrx_word' id='word_1_219' title='bbox 0 0 1256 3972; x_wconf 95' lang='lat' dir='ltr'><strong> </strong></span> 
     </span>
    </p>
   </div>
  </div>
 </body>
</html>
